;; -*- mode: org; mode: beancount; -*-
;; Birth: 1980-05-12
;; Dates: 2018-01-01 - 2020-12-30
;; THIS FILE HAS BEEN AUTO-GENERATED.
* Options

option "title" "Example Beancount file"
option "operating_currency" "USD"




* Commodities


1792-01-01 commodity USD
  export: "CASH"
  name: "US Dollar"

1900-01-01 commodity VMMXX
  export: "MUTF:VMMXX (MONEY:USD)"

1980-05-12 commodity VACHR
  export: "IGNORE"
  name: "Employer Vacation Hours"

1980-05-12 commodity IRAUSD
  export: "IGNORE"
  name: "US 401k and IRA Contributions"

1995-09-18 commodity VBMPX
  export: "MUTF:VBMPX"
  name: "Vanguard Total Bond Market Index Fund Institutional Plus Shares"
  price: "USD:google/MUTF:VBMPX"

2004-01-20 commodity ITOT
  export: "NYSEARCA:ITOT"
  name: "iShares Core S&P Total U.S. Stock Market ETF"
  price: "USD:google/NYSEARCA:ITOT"

2004-01-26 commodity VHT
  export: "NYSEARCA:VHT"
  name: "Vanguard Health Care ETF"
  price: "USD:google/NYSEARCA:VHT"

2004-11-01 commodity GLD
  export: "NYSEARCA:GLD"
  name: "SPDR Gold Trust (ETF)"
  price: "USD:google/NYSEARCA:GLD"

2007-07-20 commodity VEA
  export: "NYSEARCA:VEA"
  name: "Vanguard FTSE Developed Markets ETF"
  price: "USD:google/NYSEARCA:VEA"

2009-05-01 commodity RGAGX
  export: "MUTF:RGAGX"
  name: "American Funds The Growth Fund of America Class R-6"
  price: "USD:google/MUTF:RGAGX"



* Equity Accounts

1980-05-12 open Equity:Opening-Balances
1980-05-12 open Liabilities:AccountsPayable



* Banking

2018-01-01 open Assets:US:BofA
  address: "123 America Street, LargeTown, USA"
  institution: "Bank of America"
  phone: "+1.012.345.6789"
2018-01-01 open Assets:US:BofA:Checking                        USD
  account: "00234-48574897"

2018-01-01 * "Opening Balance for checking account"
  Assets:US:BofA:Checking                         3197.32 USD
  Equity:Opening-Balances                        -3197.32 USD

2018-01-02 balance Assets:US:BofA:Checking        3197.32 USD

2018-01-03 * "RiverBank Properties" "Paying the rent"
  Assets:US:BofA:Checking                        -2400.00 USD
  Expenses:Home:Rent                              2400.00 USD

2018-01-04 * "BANK FEES" "Monthly bank fee"
  Assets:US:BofA:Checking                           -4.00 USD
  Expenses:Financial:Fees                            4.00 USD

2018-01-09 * "EDISON POWER" ""
  Assets:US:BofA:Checking                          -65.00 USD
  Expenses:Home:Electricity                         65.00 USD

2018-01-18 * "Verizon Wireless" ""
  Assets:US:BofA:Checking                          -68.73 USD
  Expenses:Home:Phone                               68.73 USD

2018-01-23 * "Wine-Tarner Cable" ""
  Assets:US:BofA:Checking                          -79.94 USD
  Expenses:Home:Internet                            79.94 USD

2018-01-30 balance Assets:US:BofA:Checking        3166.34 USD

2018-02-04 * "BANK FEES" "Monthly bank fee"
  Assets:US:BofA:Checking                           -4.00 USD
  Expenses:Financial:Fees                            4.00 USD

2018-02-04 * "RiverBank Properties" "Paying the rent"
  Assets:US:BofA:Checking                        -2400.00 USD
  Expenses:Home:Rent                              2400.00 USD

2018-02-08 * "EDISON POWER" ""
  Assets:US:BofA:Checking                          -65.00 USD
  Expenses:Home:Electricity                         65.00 USD

2018-02-20 balance Assets:US:BofA:Checking        2837.52 USD

2018-02-20 * "Verizon Wireless" ""
  Assets:US:BofA:Checking                          -64.39 USD
  Expenses:Home:Phone                               64.39 USD

2018-02-21 * "Wine-Tarner Cable" ""
  Assets:US:BofA:Checking                          -79.97 USD
  Expenses:Home:Internet                            79.97 USD

2018-03-04 * "BANK FEES" "Monthly bank fee"
  Assets:US:BofA:Checking                           -4.00 USD
  Expenses:Financial:Fees                            4.00 USD

2018-03-04 * "RiverBank Properties" "Paying the rent"
  Assets:US:BofA:Checking                        -2400.00 USD
  Expenses:Home:Rent                              2400.00 USD

2018-03-08 * "EDISON POWER" ""
  Assets:US:BofA:Checking                          -65.00 USD
  Expenses:Home:Electricity                         65.00 USD

2018-03-18 * "Verizon Wireless" ""
  Assets:US:BofA:Checking                          -66.22 USD
  Expenses:Home:Phone                               66.22 USD

2018-03-22 balance Assets:US:BofA:Checking        2393.58 USD

2018-03-22 * "Wine-Tarner Cable" ""
  Assets:US:BofA:Checking                          -80.20 USD
  Expenses:Home:Internet                            80.20 USD

2018-04-03 * "RiverBank Properties" "Paying the rent"
  Assets:US:BofA:Checking                        -2400.00 USD
  Expenses:Home:Rent                              2400.00 USD

2018-04-04 * "BANK FEES" "Monthly bank fee"
  Assets:US:BofA:Checking                           -4.00 USD
  Expenses:Financial:Fees                            4.00 USD

2018-04-08 * "EDISON POWER" ""
  Assets:US:BofA:Checking                          -65.00 USD
  Expenses:Home:Electricity                         65.00 USD

2018-04-18 * "Verizon Wireless" ""
  Assets:US:BofA:Checking                          -71.93 USD
  Expenses:Home:Phone                               71.93 USD

2018-04-19 balance Assets:US:BofA:Checking        1828.17 USD

2018-04-22 * "Wine-Tarner Cable" ""
  Assets:US:BofA:Checking                          -80.11 USD
  Expenses:Home:Internet                            80.11 USD

2018-05-03 * "RiverBank Properties" "Paying the rent"
  Assets:US:BofA:Checking                        -2400.00 USD
  Expenses:Home:Rent                              2400.00 USD

2018-05-04 * "BANK FEES" "Monthly bank fee"
  Assets:US:BofA:Checking                           -4.00 USD
  Expenses:Financial:Fees                            4.00 USD

2018-05-09 * "EDISON POWER" ""
  Assets:US:BofA:Checking                          -65.00 USD
  Expenses:Home:Electricity                         65.00 USD

2018-05-12 balance Assets:US:BofA:Checking        1350.60 USD

2018-05-20 * "Verizon Wireless" ""
  Assets:US:BofA:Checking                          -87.16 USD
  Expenses:Home:Phone                               87.16 USD

2018-05-22 * "Wine-Tarner Cable" ""
  Assets:US:BofA:Checking                          -80.05 USD
  Expenses:Home:Internet                            80.05 USD

2018-06-04 * "BANK FEES" "Monthly bank fee"
  Assets:US:BofA:Checking                           -4.00 USD
  Expenses:Financial:Fees                            4.00 USD

2018-06-06 * "RiverBank Properties" "Paying the rent"
  Assets:US:BofA:Checking                        -2400.00 USD
  Expenses:Home:Rent                              2400.00 USD

2018-06-09 * "EDISON POWER" ""
  Assets:US:BofA:Checking                          -65.00 USD
  Expenses:Home:Electricity                         65.00 USD

2018-06-11 balance Assets:US:BofA:Checking        1415.59 USD

2018-06-20 * "Verizon Wireless" ""
  Assets:US:BofA:Checking                          -52.64 USD
  Expenses:Home:Phone                               52.64 USD

2018-06-22 * "Wine-Tarner Cable" ""
  Assets:US:BofA:Checking                          -79.84 USD
  Expenses:Home:Internet                            79.84 USD

2018-07-04 * "BANK FEES" "Monthly bank fee"
  Assets:US:BofA:Checking                           -4.00 USD
  Expenses:Financial:Fees                            4.00 USD

2018-07-06 * "RiverBank Properties" "Paying the rent"
  Assets:US:BofA:Checking                        -2400.00 USD
  Expenses:Home:Rent                              2400.00 USD

2018-07-07 balance Assets:US:BofA:Checking         746.01 USD

2018-07-09 * "EDISON POWER" ""
  Assets:US:BofA:Checking                          -65.00 USD
  Expenses:Home:Electricity                         65.00 USD

2018-07-20 * "Verizon Wireless" ""
  Assets:US:BofA:Checking                          -63.60 USD
  Expenses:Home:Phone                               63.60 USD

2018-07-22 * "Wine-Tarner Cable" ""
  Assets:US:BofA:Checking                          -80.01 USD
  Expenses:Home:Internet                            80.01 USD

2018-08-01 balance Assets:US:BofA:Checking        1366.29 USD

2018-08-04 * "BANK FEES" "Monthly bank fee"
  Assets:US:BofA:Checking                           -4.00 USD
  Expenses:Financial:Fees                            4.00 USD

2018-08-06 * "RiverBank Properties" "Paying the rent"
  Assets:US:BofA:Checking                        -2400.00 USD
  Expenses:Home:Rent                              2400.00 USD

2018-08-08 * "EDISON POWER" ""
  Assets:US:BofA:Checking                          -65.00 USD
  Expenses:Home:Electricity                         65.00 USD

2018-08-19 * "Verizon Wireless" ""
  Assets:US:BofA:Checking                          -73.98 USD
  Expenses:Home:Phone                               73.98 USD

2018-08-23 * "Wine-Tarner Cable" ""
  Assets:US:BofA:Checking                          -79.95 USD
  Expenses:Home:Internet                            79.95 USD

2018-08-28 balance Assets:US:BofA:Checking        2769.72 USD

2018-09-04 * "BANK FEES" "Monthly bank fee"
  Assets:US:BofA:Checking                           -4.00 USD
  Expenses:Financial:Fees                            4.00 USD

2018-09-04 * "RiverBank Properties" "Paying the rent"
  Assets:US:BofA:Checking                        -2400.00 USD
  Expenses:Home:Rent                              2400.00 USD

2018-09-08 * "EDISON POWER" ""
  Assets:US:BofA:Checking                          -65.00 USD
  Expenses:Home:Electricity                         65.00 USD

2018-09-14 * "Transfering accumulated savings to other account"
  Assets:US:BofA:Checking                           -3500 USD
  Assets:US:ETrade:Cash                              3500 USD

2018-09-19 * "Verizon Wireless" ""
  Assets:US:BofA:Checking                          -52.48 USD
  Expenses:Home:Phone                               52.48 USD

2018-09-20 balance Assets:US:BofA:Checking        1118.47 USD

2018-09-22 * "Wine-Tarner Cable" ""
  Assets:US:BofA:Checking                          -80.09 USD
  Expenses:Home:Internet                            80.09 USD

2018-10-04 * "BANK FEES" "Monthly bank fee"
  Assets:US:BofA:Checking                           -4.00 USD
  Expenses:Financial:Fees                            4.00 USD

2018-10-06 * "RiverBank Properties" "Paying the rent"
  Assets:US:BofA:Checking                        -2400.00 USD
  Expenses:Home:Rent                              2400.00 USD

2018-10-08 * "EDISON POWER" ""
  Assets:US:BofA:Checking                          -65.00 USD
  Expenses:Home:Electricity                         65.00 USD

2018-10-14 balance Assets:US:BofA:Checking        3033.14 USD

2018-10-18 * "Verizon Wireless" ""
  Assets:US:BofA:Checking                          -81.40 USD
  Expenses:Home:Phone                               81.40 USD

2018-10-23 * "Wine-Tarner Cable" ""
  Assets:US:BofA:Checking                          -80.01 USD
  Expenses:Home:Internet                            80.01 USD

2018-11-04 * "BANK FEES" "Monthly bank fee"
  Assets:US:BofA:Checking                           -4.00 USD
  Expenses:Financial:Fees                            4.00 USD

2018-11-06 * "RiverBank Properties" "Paying the rent"
  Assets:US:BofA:Checking                        -2400.00 USD
  Expenses:Home:Rent                              2400.00 USD

2018-11-09 * "EDISON POWER" ""
  Assets:US:BofA:Checking                          -65.00 USD
  Expenses:Home:Electricity                         65.00 USD

2018-11-09 * "Transfering accumulated savings to other account"
  Assets:US:BofA:Checking                           -4500 USD
  Assets:US:ETrade:Cash                              4500 USD

2018-11-13 balance Assets:US:BofA:Checking         666.35 USD

2018-11-20 * "Verizon Wireless" ""
  Assets:US:BofA:Checking                          -57.95 USD
  Expenses:Home:Phone                               57.95 USD

2018-11-23 * "Wine-Tarner Cable" ""
  Assets:US:BofA:Checking                          -80.19 USD
  Expenses:Home:Internet                            80.19 USD

2018-12-03 * "RiverBank Properties" "Paying the rent"
  Assets:US:BofA:Checking                        -2400.00 USD
  Expenses:Home:Rent                              2400.00 USD

2018-12-04 * "BANK FEES" "Monthly bank fee"
  Assets:US:BofA:Checking                           -4.00 USD
  Expenses:Financial:Fees                            4.00 USD

2018-12-08 * "EDISON POWER" ""
  Assets:US:BofA:Checking                          -65.00 USD
  Expenses:Home:Electricity                         65.00 USD

2018-12-09 balance Assets:US:BofA:Checking        3198.87 USD

2018-12-19 * "Verizon Wireless" ""
  Assets:US:BofA:Checking                          -51.74 USD
  Expenses:Home:Phone                               51.74 USD

2018-12-23 * "Wine-Tarner Cable" ""
  Assets:US:BofA:Checking                          -79.84 USD
  Expenses:Home:Internet                            79.84 USD

2019-01-04 * "BANK FEES" "Monthly bank fee"
  Assets:US:BofA:Checking                           -4.00 USD
  Expenses:Financial:Fees                            4.00 USD

2019-01-05 balance Assets:US:BofA:Checking        6342.55 USD

2019-01-05 * "RiverBank Properties" "Paying the rent"
  Assets:US:BofA:Checking                        -2400.00 USD
  Expenses:Home:Rent                              2400.00 USD

2019-01-09 * "EDISON POWER" ""
  Assets:US:BofA:Checking                          -65.00 USD
  Expenses:Home:Electricity                         65.00 USD

2019-01-18 * "Verizon Wireless" ""
  Assets:US:BofA:Checking                          -65.05 USD
  Expenses:Home:Phone                               65.05 USD

2019-01-21 * "Wine-Tarner Cable" ""
  Assets:US:BofA:Checking                          -79.92 USD
  Expenses:Home:Internet                            79.92 USD

2019-01-25 balance Assets:US:BofA:Checking        4504.17 USD

2019-02-04 * "BANK FEES" "Monthly bank fee"
  Assets:US:BofA:Checking                           -4.00 USD
  Expenses:Financial:Fees                            4.00 USD

2019-02-06 * "RiverBank Properties" "Paying the rent"
  Assets:US:BofA:Checking                        -2400.00 USD
  Expenses:Home:Rent                              2400.00 USD

2019-02-09 * "EDISON POWER" ""
  Assets:US:BofA:Checking                          -65.00 USD
  Expenses:Home:Electricity                         65.00 USD

2019-02-17 balance Assets:US:BofA:Checking        4297.52 USD

2019-02-20 * "Verizon Wireless" ""
  Assets:US:BofA:Checking                          -60.83 USD
  Expenses:Home:Phone                               60.83 USD

2019-02-22 * "Wine-Tarner Cable" ""
  Assets:US:BofA:Checking                          -79.83 USD
  Expenses:Home:Internet                            79.83 USD

2019-03-04 * "BANK FEES" "Monthly bank fee"
  Assets:US:BofA:Checking                           -4.00 USD
  Expenses:Financial:Fees                            4.00 USD

2019-03-06 * "RiverBank Properties" "Paying the rent"
  Assets:US:BofA:Checking                        -2400.00 USD
  Expenses:Home:Rent                              2400.00 USD

2019-03-08 * "EDISON POWER" ""
  Assets:US:BofA:Checking                          -65.00 USD
  Expenses:Home:Electricity                         65.00 USD

2019-03-09 balance Assets:US:BofA:Checking        2504.10 USD

2019-03-20 * "Verizon Wireless" ""
  Assets:US:BofA:Checking                          -44.09 USD
  Expenses:Home:Phone                               44.09 USD

2019-03-23 * "Wine-Tarner Cable" ""
  Assets:US:BofA:Checking                          -80.06 USD
  Expenses:Home:Internet                            80.06 USD

2019-03-29 balance Assets:US:BofA:Checking        4398.29 USD

2019-04-04 * "BANK FEES" "Monthly bank fee"
  Assets:US:BofA:Checking                           -4.00 USD
  Expenses:Financial:Fees                            4.00 USD

2019-04-06 * "RiverBank Properties" "Paying the rent"
  Assets:US:BofA:Checking                        -2400.00 USD
  Expenses:Home:Rent                              2400.00 USD

2019-04-08 * "EDISON POWER" ""
  Assets:US:BofA:Checking                          -65.00 USD
  Expenses:Home:Electricity                         65.00 USD

2019-04-19 * "Verizon Wireless" ""
  Assets:US:BofA:Checking                          -63.78 USD
  Expenses:Home:Phone                               63.78 USD

2019-04-20 balance Assets:US:BofA:Checking        2622.48 USD

2019-04-22 * "Wine-Tarner Cable" ""
  Assets:US:BofA:Checking                          -80.06 USD
  Expenses:Home:Internet                            80.06 USD

2019-05-03 * "RiverBank Properties" "Paying the rent"
  Assets:US:BofA:Checking                        -2400.00 USD
  Expenses:Home:Rent                              2400.00 USD

2019-05-04 * "BANK FEES" "Monthly bank fee"
  Assets:US:BofA:Checking                           -4.00 USD
  Expenses:Financial:Fees                            4.00 USD

2019-05-08 * "EDISON POWER" ""
  Assets:US:BofA:Checking                          -65.00 USD
  Expenses:Home:Electricity                         65.00 USD

2019-05-20 balance Assets:US:BofA:Checking        2189.94 USD

2019-05-20 * "Verizon Wireless" ""
  Assets:US:BofA:Checking                          -64.46 USD
  Expenses:Home:Phone                               64.46 USD

2019-05-22 * "Wine-Tarner Cable" ""
  Assets:US:BofA:Checking                          -80.01 USD
  Expenses:Home:Internet                            80.01 USD

2019-06-04 * "BANK FEES" "Monthly bank fee"
  Assets:US:BofA:Checking                           -4.00 USD
  Expenses:Financial:Fees                            4.00 USD

2019-06-05 * "RiverBank Properties" "Paying the rent"
  Assets:US:BofA:Checking                        -2400.00 USD
  Expenses:Home:Rent                              2400.00 USD

2019-06-08 * "EDISON POWER" ""
  Assets:US:BofA:Checking                          -65.00 USD
  Expenses:Home:Electricity                         65.00 USD

2019-06-16 balance Assets:US:BofA:Checking        1989.18 USD

2019-06-19 * "Verizon Wireless" ""
  Assets:US:BofA:Checking                          -55.16 USD
  Expenses:Home:Phone                               55.16 USD

2019-06-23 * "Wine-Tarner Cable" ""
  Assets:US:BofA:Checking                          -80.15 USD
  Expenses:Home:Internet                            80.15 USD

2019-07-04 * "BANK FEES" "Monthly bank fee"
  Assets:US:BofA:Checking                           -4.00 USD
  Expenses:Financial:Fees                            4.00 USD

2019-07-06 * "RiverBank Properties" "Paying the rent"
  Assets:US:BofA:Checking                        -2400.00 USD
  Expenses:Home:Rent                              2400.00 USD

2019-07-09 balance Assets:US:BofA:Checking        2151.07 USD

2019-07-09 * "EDISON POWER" ""
  Assets:US:BofA:Checking                          -65.00 USD
  Expenses:Home:Electricity                         65.00 USD

2019-07-19 * "Verizon Wireless" ""
  Assets:US:BofA:Checking                          -49.11 USD
  Expenses:Home:Phone                               49.11 USD

2019-07-21 * "Wine-Tarner Cable" ""
  Assets:US:BofA:Checking                          -80.14 USD
  Expenses:Home:Internet                            80.14 USD

2019-07-31 balance Assets:US:BofA:Checking        2687.90 USD

2019-08-04 * "BANK FEES" "Monthly bank fee"
  Assets:US:BofA:Checking                           -4.00 USD
  Expenses:Financial:Fees                            4.00 USD

2019-08-05 * "RiverBank Properties" "Paying the rent"
  Assets:US:BofA:Checking                        -2400.00 USD
  Expenses:Home:Rent                              2400.00 USD

2019-08-08 * "EDISON POWER" ""
  Assets:US:BofA:Checking                          -65.00 USD
  Expenses:Home:Electricity                         65.00 USD

2019-08-16 * "Transfering accumulated savings to other account"
  Assets:US:BofA:Checking                           -3000 USD
  Assets:US:ETrade:Cash                              3000 USD

2019-08-18 * "Verizon Wireless" ""
  Assets:US:BofA:Checking                          -38.73 USD
  Expenses:Home:Phone                               38.73 USD

2019-08-22 balance Assets:US:BofA:Checking        1163.35 USD

2019-08-23 * "Wine-Tarner Cable" ""
  Assets:US:BofA:Checking                          -79.95 USD
  Expenses:Home:Internet                            79.95 USD

2019-09-04 * "BANK FEES" "Monthly bank fee"
  Assets:US:BofA:Checking                           -4.00 USD
  Expenses:Financial:Fees                            4.00 USD

2019-09-04 * "RiverBank Properties" "Paying the rent"
  Assets:US:BofA:Checking                        -2400.00 USD
  Expenses:Home:Rent                              2400.00 USD

2019-09-08 * "EDISON POWER" ""
  Assets:US:BofA:Checking                          -65.00 USD
  Expenses:Home:Electricity                         65.00 USD

2019-09-20 * "Verizon Wireless" ""
  Assets:US:BofA:Checking                          -55.87 USD
  Expenses:Home:Phone                               55.87 USD

2019-09-21 balance Assets:US:BofA:Checking        3076.59 USD

2019-09-23 * "Wine-Tarner Cable" ""
  Assets:US:BofA:Checking                          -79.97 USD
  Expenses:Home:Internet                            79.97 USD

2019-10-04 * "BANK FEES" "Monthly bank fee"
  Assets:US:BofA:Checking                           -4.00 USD
  Expenses:Financial:Fees                            4.00 USD

2019-10-04 * "RiverBank Properties" "Paying the rent"
  Assets:US:BofA:Checking                        -2400.00 USD
  Expenses:Home:Rent                              2400.00 USD

2019-10-09 * "EDISON POWER" ""
  Assets:US:BofA:Checking                          -65.00 USD
  Expenses:Home:Electricity                         65.00 USD

2019-10-11 * "Transfering accumulated savings to other account"
  Assets:US:BofA:Checking                           -4500 USD
  Assets:US:ETrade:Cash                              4500 USD

2019-10-14 balance Assets:US:BofA:Checking         398.17 USD

2019-10-20 * "Verizon Wireless" ""
  Assets:US:BofA:Checking                          -53.19 USD
  Expenses:Home:Phone                               53.19 USD

2019-10-21 * "Wine-Tarner Cable" ""
  Assets:US:BofA:Checking                          -79.89 USD
  Expenses:Home:Internet                            79.89 USD

2019-11-04 * "BANK FEES" "Monthly bank fee"
  Assets:US:BofA:Checking                           -4.00 USD
  Expenses:Financial:Fees                            4.00 USD

2019-11-06 * "RiverBank Properties" "Paying the rent"
  Assets:US:BofA:Checking                        -2400.00 USD
  Expenses:Home:Rent                              2400.00 USD

2019-11-09 * "EDISON POWER" ""
  Assets:US:BofA:Checking                          -65.00 USD
  Expenses:Home:Electricity                         65.00 USD

2019-11-13 balance Assets:US:BofA:Checking        2076.99 USD

2019-11-20 * "Verizon Wireless" ""
  Assets:US:BofA:Checking                          -57.59 USD
  Expenses:Home:Phone                               57.59 USD

2019-11-21 * "Wine-Tarner Cable" ""
  Assets:US:BofA:Checking                          -79.99 USD
  Expenses:Home:Internet                            79.99 USD

2019-12-03 * "RiverBank Properties" "Paying the rent"
  Assets:US:BofA:Checking                        -2400.00 USD
  Expenses:Home:Rent                              2400.00 USD

2019-12-04 balance Assets:US:BofA:Checking        2090.01 USD

2019-12-04 * "BANK FEES" "Monthly bank fee"
  Assets:US:BofA:Checking                           -4.00 USD
  Expenses:Financial:Fees                            4.00 USD

2019-12-09 * "EDISON POWER" ""
  Assets:US:BofA:Checking                          -65.00 USD
  Expenses:Home:Electricity                         65.00 USD

2019-12-20 * "Verizon Wireless" ""
  Assets:US:BofA:Checking                          -65.68 USD
  Expenses:Home:Phone                               65.68 USD

2019-12-23 * "Wine-Tarner Cable" ""
  Assets:US:BofA:Checking                          -79.96 USD
  Expenses:Home:Internet                            79.96 USD

2020-01-03 balance Assets:US:BofA:Checking        8193.01 USD

2020-01-04 * "BANK FEES" "Monthly bank fee"
  Assets:US:BofA:Checking                           -4.00 USD
  Expenses:Financial:Fees                            4.00 USD

2020-01-04 * "RiverBank Properties" "Paying the rent"
  Assets:US:BofA:Checking                        -2400.00 USD
  Expenses:Home:Rent                              2400.00 USD

2020-01-08 * "EDISON POWER" ""
  Assets:US:BofA:Checking                          -65.00 USD
  Expenses:Home:Electricity                         65.00 USD

2020-01-19 * "Verizon Wireless" ""
  Assets:US:BofA:Checking                          -75.27 USD
  Expenses:Home:Phone                               75.27 USD

2020-01-23 * "Wine-Tarner Cable" ""
  Assets:US:BofA:Checking                          -79.88 USD
  Expenses:Home:Internet                            79.88 USD

2020-01-31 balance Assets:US:BofA:Checking        7594.57 USD

2020-02-04 * "BANK FEES" "Monthly bank fee"
  Assets:US:BofA:Checking                           -4.00 USD
  Expenses:Financial:Fees                            4.00 USD

2020-02-05 * "RiverBank Properties" "Paying the rent"
  Assets:US:BofA:Checking                        -2400.00 USD
  Expenses:Home:Rent                              2400.00 USD

2020-02-09 * "EDISON POWER" ""
  Assets:US:BofA:Checking                          -65.00 USD
  Expenses:Home:Electricity                         65.00 USD

2020-02-20 * "Verizon Wireless" ""
  Assets:US:BofA:Checking                          -60.38 USD
  Expenses:Home:Phone                               60.38 USD

2020-02-23 * "Wine-Tarner Cable" ""
  Assets:US:BofA:Checking                          -80.16 USD
  Expenses:Home:Internet                            80.16 USD

2020-03-01 balance Assets:US:BofA:Checking        7171.13 USD

2020-03-04 * "BANK FEES" "Monthly bank fee"
  Assets:US:BofA:Checking                           -4.00 USD
  Expenses:Financial:Fees                            4.00 USD

2020-03-05 * "RiverBank Properties" "Paying the rent"
  Assets:US:BofA:Checking                        -2400.00 USD
  Expenses:Home:Rent                              2400.00 USD

2020-03-09 * "EDISON POWER" ""
  Assets:US:BofA:Checking                          -65.00 USD
  Expenses:Home:Electricity                         65.00 USD

2020-03-19 * "Verizon Wireless" ""
  Assets:US:BofA:Checking                          -49.61 USD
  Expenses:Home:Phone                               49.61 USD

2020-03-21 * "Wine-Tarner Cable" ""
  Assets:US:BofA:Checking                          -80.25 USD
  Expenses:Home:Internet                            80.25 USD

2020-03-27 balance Assets:US:BofA:Checking        6343.39 USD

2020-04-04 * "BANK FEES" "Monthly bank fee"
  Assets:US:BofA:Checking                           -4.00 USD
  Expenses:Financial:Fees                            4.00 USD

2020-04-06 * "RiverBank Properties" "Paying the rent"
  Assets:US:BofA:Checking                        -2400.00 USD
  Expenses:Home:Rent                              2400.00 USD

2020-04-09 * "EDISON POWER" ""
  Assets:US:BofA:Checking                          -65.00 USD
  Expenses:Home:Electricity                         65.00 USD

2020-04-19 * "Verizon Wireless" ""
  Assets:US:BofA:Checking                          -51.76 USD
  Expenses:Home:Phone                               51.76 USD

2020-04-20 balance Assets:US:BofA:Checking        4429.64 USD

2020-04-23 * "Wine-Tarner Cable" ""
  Assets:US:BofA:Checking                          -80.14 USD
  Expenses:Home:Internet                            80.14 USD

2020-05-04 * "BANK FEES" "Monthly bank fee"
  Assets:US:BofA:Checking                           -4.00 USD
  Expenses:Financial:Fees                            4.00 USD

2020-05-04 * "RiverBank Properties" "Paying the rent"
  Assets:US:BofA:Checking                        -2400.00 USD
  Expenses:Home:Rent                              2400.00 USD

2020-05-08 * "EDISON POWER" ""
  Assets:US:BofA:Checking                          -65.00 USD
  Expenses:Home:Electricity                         65.00 USD

2020-05-20 balance Assets:US:BofA:Checking        3852.27 USD

2020-05-20 * "Verizon Wireless" ""
  Assets:US:BofA:Checking                          -77.92 USD
  Expenses:Home:Phone                               77.92 USD

2020-05-23 * "Wine-Tarner Cable" ""
  Assets:US:BofA:Checking                          -79.81 USD
  Expenses:Home:Internet                            79.81 USD

2020-06-04 * "BANK FEES" "Monthly bank fee"
  Assets:US:BofA:Checking                           -4.00 USD
  Expenses:Financial:Fees                            4.00 USD

2020-06-05 * "RiverBank Properties" "Paying the rent"
  Assets:US:BofA:Checking                        -2400.00 USD
  Expenses:Home:Rent                              2400.00 USD

2020-06-08 * "EDISON POWER" ""
  Assets:US:BofA:Checking                          -65.00 USD
  Expenses:Home:Electricity                         65.00 USD

2020-06-13 balance Assets:US:BofA:Checking        3199.78 USD

2020-06-18 * "Verizon Wireless" ""
  Assets:US:BofA:Checking                          -50.02 USD
  Expenses:Home:Phone                               50.02 USD

2020-06-22 * "Wine-Tarner Cable" ""
  Assets:US:BofA:Checking                          -79.93 USD
  Expenses:Home:Internet                            79.93 USD

2020-07-04 * "BANK FEES" "Monthly bank fee"
  Assets:US:BofA:Checking                           -4.00 USD
  Expenses:Financial:Fees                            4.00 USD

2020-07-05 * "RiverBank Properties" "Paying the rent"
  Assets:US:BofA:Checking                        -2400.00 USD
  Expenses:Home:Rent                              2400.00 USD

2020-07-06 balance Assets:US:BofA:Checking        3367.03 USD

2020-07-08 * "EDISON POWER" ""
  Assets:US:BofA:Checking                          -65.00 USD
  Expenses:Home:Electricity                         65.00 USD

2020-07-19 * "Verizon Wireless" ""
  Assets:US:BofA:Checking                          -58.06 USD
  Expenses:Home:Phone                               58.06 USD

2020-07-21 * "Wine-Tarner Cable" ""
  Assets:US:BofA:Checking                          -79.96 USD
  Expenses:Home:Internet                            79.96 USD

2020-08-04 * "BANK FEES" "Monthly bank fee"
  Assets:US:BofA:Checking                           -4.00 USD
  Expenses:Financial:Fees                            4.00 USD

2020-08-05 balance Assets:US:BofA:Checking        5762.94 USD

2020-08-06 * "RiverBank Properties" "Paying the rent"
  Assets:US:BofA:Checking                        -2400.00 USD
  Expenses:Home:Rent                              2400.00 USD

2020-08-08 * "EDISON POWER" ""
  Assets:US:BofA:Checking                          -65.00 USD
  Expenses:Home:Electricity                         65.00 USD

2020-08-14 * "Transfering accumulated savings to other account"
  Assets:US:BofA:Checking                           -4000 USD
  Assets:US:ETrade:Cash                              4000 USD

2020-08-18 * "Verizon Wireless" ""
  Assets:US:BofA:Checking                          -63.30 USD
  Expenses:Home:Phone                               63.30 USD

2020-08-21 * "Wine-Tarner Cable" ""
  Assets:US:BofA:Checking                          -80.01 USD
  Expenses:Home:Internet                            80.01 USD

2020-09-02 balance Assets:US:BofA:Checking        3625.65 USD

2020-09-03 * "RiverBank Properties" "Paying the rent"
  Assets:US:BofA:Checking                        -2400.00 USD
  Expenses:Home:Rent                              2400.00 USD

2020-09-04 * "BANK FEES" "Monthly bank fee"
  Assets:US:BofA:Checking                           -4.00 USD
  Expenses:Financial:Fees                            4.00 USD

2020-09-09 * "EDISON POWER" ""
  Assets:US:BofA:Checking                          -65.00 USD
  Expenses:Home:Electricity                         65.00 USD

2020-09-18 * "Verizon Wireless" ""
  Assets:US:BofA:Checking                          -64.20 USD
  Expenses:Home:Phone                               64.20 USD

2020-09-22 * "Wine-Tarner Cable" ""
  Assets:US:BofA:Checking                          -79.91 USD
  Expenses:Home:Internet                            79.91 USD

2020-09-28 balance Assets:US:BofA:Checking        5516.84 USD

2020-10-03 * "RiverBank Properties" "Paying the rent"
  Assets:US:BofA:Checking                        -2400.00 USD
  Expenses:Home:Rent                              2400.00 USD

2020-10-04 * "BANK FEES" "Monthly bank fee"
  Assets:US:BofA:Checking                           -4.00 USD
  Expenses:Financial:Fees                            4.00 USD

2020-10-09 * "EDISON POWER" ""
  Assets:US:BofA:Checking                          -65.00 USD
  Expenses:Home:Electricity                         65.00 USD

2020-10-09 * "Transfering accumulated savings to other account"
  Assets:US:BofA:Checking                           -4000 USD
  Assets:US:ETrade:Cash                              4000 USD

2020-10-19 * "Verizon Wireless" ""
  Assets:US:BofA:Checking                          -43.26 USD
  Expenses:Home:Phone                               43.26 USD

2020-10-21 * "Wine-Tarner Cable" ""
  Assets:US:BofA:Checking                          -79.90 USD
  Expenses:Home:Internet                            79.90 USD

2020-10-23 balance Assets:US:BofA:Checking        3201.31 USD

2020-11-03 * "RiverBank Properties" "Paying the rent"
  Assets:US:BofA:Checking                        -2400.00 USD
  Expenses:Home:Rent                              2400.00 USD

2020-11-04 * "BANK FEES" "Monthly bank fee"
  Assets:US:BofA:Checking                           -4.00 USD
  Expenses:Financial:Fees                            4.00 USD

2020-11-08 * "EDISON POWER" ""
  Assets:US:BofA:Checking                          -65.00 USD
  Expenses:Home:Electricity                         65.00 USD

2020-11-14 balance Assets:US:BofA:Checking        2638.30 USD

2020-11-19 * "Verizon Wireless" ""
  Assets:US:BofA:Checking                          -73.97 USD
  Expenses:Home:Phone                               73.97 USD

2020-11-20 * "Transfering accumulated savings to other account"
  Assets:US:BofA:Checking                           -4500 USD
  Assets:US:ETrade:Cash                              4500 USD

2020-11-22 * "Wine-Tarner Cable" ""
  Assets:US:BofA:Checking                          -79.94 USD
  Expenses:Home:Internet                            79.94 USD

2020-12-04 * "BANK FEES" "Monthly bank fee"
  Assets:US:BofA:Checking                           -4.00 USD
  Expenses:Financial:Fees                            4.00 USD

2020-12-11 balance Assets:US:BofA:Checking        3120.05 USD

2020-12-18 * "Transfering accumulated savings to other account"
  Assets:US:BofA:Checking                           -5500 USD
  Assets:US:ETrade:Cash                              5500 USD



* Credit-Cards

1980-05-12 open Liabilities:US:Chase:Slate                      USD

2018-01-04 * "Rose Flower" "Eating out with Joe"
  Liabilities:US:Chase:Slate                       -22.60 USD
  Expenses:Food:Restaurant                          22.60 USD

2018-01-06 * "Rose Flower" "Eating out with Joe"
  Liabilities:US:Chase:Slate                       -50.85 USD
  Expenses:Food:Restaurant                          50.85 USD

2018-01-07 * "Chase:Slate" "Paying off credit card"
  Liabilities:US:Chase:Slate                       114.51 USD
  Assets:US:BofA:Checking                         -114.51 USD

2018-01-08 * "Cafe Modagor" "Eating out after work"
  Liabilities:US:Chase:Slate                       -41.06 USD
  Expenses:Food:Restaurant                          41.06 USD

2018-01-12 * "China Garden" "Eating out alone"
  Liabilities:US:Chase:Slate                       -41.47 USD
  Expenses:Food:Restaurant                          41.47 USD

2018-01-13 * "Onion Market" "Buying groceries"
  Liabilities:US:Chase:Slate                      -115.17 USD
  Expenses:Food:Groceries                          115.17 USD

2018-01-14 * "Uncle Boons" "Eating out after work"
  Liabilities:US:Chase:Slate                       -21.21 USD
  Expenses:Food:Restaurant                          21.21 USD

2018-01-16 * "Jewel of Morroco" "Eating out with Julie"
  Liabilities:US:Chase:Slate                       -18.77 USD
  Expenses:Food:Restaurant                          18.77 USD

2018-01-17 * "Kin Soy" "Eating out after work"
  Liabilities:US:Chase:Slate                       -21.90 USD
  Expenses:Food:Restaurant                          21.90 USD

2018-01-21 balance Liabilities:US:Chase:Slate     -218.52 USD

2018-01-21 * "Chichipotle" "Eating out with Natasha"
  Liabilities:US:Chase:Slate                       -29.69 USD
  Expenses:Food:Restaurant                          29.69 USD

2018-01-26 * "Kin Soy" "Eating out after work"
  Liabilities:US:Chase:Slate                       -27.28 USD
  Expenses:Food:Restaurant                          27.28 USD

2018-01-28 * "Kin Soy" "Eating out with Natasha"
  Liabilities:US:Chase:Slate                       -26.32 USD
  Expenses:Food:Restaurant                          26.32 USD

2018-01-28 * "Corner Deli" "Buying groceries"
  Liabilities:US:Chase:Slate                       -60.84 USD
  Expenses:Food:Groceries                           60.84 USD

2018-01-29 * "Metro Transport Authority" "Tram tickets"
  Liabilities:US:Chase:Slate                      -120.00 USD
  Expenses:Transport:Tram                          120.00 USD

2018-02-01 * "Cafe Modagor" "Eating out after work"
  Liabilities:US:Chase:Slate                       -13.25 USD
  Expenses:Food:Restaurant                          13.25 USD

2018-02-06 * "Rose Flower" "Eating out "
  Liabilities:US:Chase:Slate                       -31.69 USD
  Expenses:Food:Restaurant                          31.69 USD

2018-02-10 * "Goba Goba" "Eating out "
  Liabilities:US:Chase:Slate                       -33.43 USD
  Expenses:Food:Restaurant                          33.43 USD

2018-02-10 * "Chase:Slate" "Paying off credit card"
  Liabilities:US:Chase:Slate                       561.02 USD
  Assets:US:BofA:Checking                         -561.02 USD

2018-02-13 balance Liabilities:US:Chase:Slate           0 USD

2018-02-15 * "China Garden" "Eating out after work"
  Liabilities:US:Chase:Slate                       -21.46 USD
  Expenses:Food:Restaurant                          21.46 USD

2018-02-17 * "Farmer Fresh" "Buying groceries"
  Liabilities:US:Chase:Slate                      -100.31 USD
  Expenses:Food:Groceries                          100.31 USD

2018-02-20 * "Goba Goba" "Eating out alone"
  Liabilities:US:Chase:Slate                       -29.44 USD
  Expenses:Food:Restaurant                          29.44 USD

2018-02-25 * "Chichipotle" "Eating out with Bill"
  Liabilities:US:Chase:Slate                       -35.92 USD
  Expenses:Food:Restaurant                          35.92 USD

2018-03-01 * "Metro Transport Authority" "Tram tickets"
  Liabilities:US:Chase:Slate                      -120.00 USD
  Expenses:Transport:Tram                          120.00 USD

2018-03-02 * "Uncle Boons" "Eating out with Julie"
  Liabilities:US:Chase:Slate                       -16.33 USD
  Expenses:Food:Restaurant                          16.33 USD

2018-03-04 * "Goba Goba" "Eating out "
  Liabilities:US:Chase:Slate                       -42.81 USD
  Expenses:Food:Restaurant                          42.81 USD

2018-03-06 * "Good Moods Market" "Buying groceries"
  Liabilities:US:Chase:Slate                       -72.17 USD
  Expenses:Food:Groceries                           72.17 USD

2018-03-07 * "Cafe Modagor" "Eating out alone"
  Liabilities:US:Chase:Slate                       -27.12 USD
  Expenses:Food:Restaurant                          27.12 USD

2018-03-07 * "Chase:Slate" "Paying off credit card"
  Liabilities:US:Chase:Slate                       465.56 USD
  Assets:US:BofA:Checking                         -465.56 USD

2018-03-09 balance Liabilities:US:Chase:Slate           0 USD

2018-03-10 * "Rose Flower" "Eating out with Joe"
  Liabilities:US:Chase:Slate                       -22.88 USD
  Expenses:Food:Restaurant                          22.88 USD

2018-03-12 * "Onion Market" "Buying groceries"
  Liabilities:US:Chase:Slate                       -98.27 USD
  Expenses:Food:Groceries                           98.27 USD

2018-03-13 * "Goba Goba" "Eating out with work buddies"
  Liabilities:US:Chase:Slate                       -26.69 USD
  Expenses:Food:Restaurant                          26.69 USD

2018-03-17 * "Goba Goba" "Eating out "
  Liabilities:US:Chase:Slate                       -22.34 USD
  Expenses:Food:Restaurant                          22.34 USD

2018-03-22 * "Goba Goba" "Eating out with Bill"
  Liabilities:US:Chase:Slate                       -26.63 USD
  Expenses:Food:Restaurant                          26.63 USD

2018-03-26 * "Cafe Modagor" "Eating out "
  Liabilities:US:Chase:Slate                       -31.72 USD
  Expenses:Food:Restaurant                          31.72 USD

2018-03-29 * "Uncle Boons" "Eating out with Joe"
  Liabilities:US:Chase:Slate                       -16.00 USD
  Expenses:Food:Restaurant                          16.00 USD

2018-03-31 * "Farmer Fresh" "Buying groceries"
  Liabilities:US:Chase:Slate                       -66.88 USD
  Expenses:Food:Groceries                           66.88 USD

2018-04-02 * "Jewel of Morroco" "Eating out after work"
  Liabilities:US:Chase:Slate                       -19.45 USD
  Expenses:Food:Restaurant                          19.45 USD

2018-04-02 * "Metro Transport Authority" "Tram tickets"
  Liabilities:US:Chase:Slate                      -120.00 USD
  Expenses:Transport:Tram                          120.00 USD

2018-04-06 * "Goba Goba" "Eating out alone"
  Liabilities:US:Chase:Slate                       -14.08 USD
  Expenses:Food:Restaurant                          14.08 USD

2018-04-06 * "Corner Deli" "Buying groceries"
  Liabilities:US:Chase:Slate                      -110.26 USD
  Expenses:Food:Groceries                          110.26 USD

2018-04-07 * "Goba Goba" "Eating out "
  Liabilities:US:Chase:Slate                       -24.36 USD
  Expenses:Food:Restaurant                          24.36 USD

2018-04-08 balance Liabilities:US:Chase:Slate     -599.56 USD

2018-04-11 * "Chase:Slate" "Paying off credit card"
  Liabilities:US:Chase:Slate                       645.48 USD
  Assets:US:BofA:Checking                         -645.48 USD

2018-04-12 * "Jewel of Morroco" "Eating out with Natasha"
  Liabilities:US:Chase:Slate                       -45.92 USD
  Expenses:Food:Restaurant                          45.92 USD

2018-04-13 * "Kin Soy" "Eating out with Julie"
  Liabilities:US:Chase:Slate                       -51.99 USD
  Expenses:Food:Restaurant                          51.99 USD

2018-04-16 * "Corner Deli" "Buying groceries"
  Liabilities:US:Chase:Slate                       -91.43 USD
  Expenses:Food:Groceries                           91.43 USD

2018-04-18 * "China Garden" "Eating out with Julie"
  Liabilities:US:Chase:Slate                       -20.00 USD
  Expenses:Food:Restaurant                          20.00 USD

2018-04-23 * "Kin Soy" "Eating out after work"
  Liabilities:US:Chase:Slate                       -47.60 USD
  Expenses:Food:Restaurant                          47.60 USD

2018-04-25 * "Onion Market" "Buying groceries"
  Liabilities:US:Chase:Slate                       -83.92 USD
  Expenses:Food:Groceries                           83.92 USD

2018-04-26 * "Uncle Boons" "Eating out with Julie"
  Liabilities:US:Chase:Slate                       -27.31 USD
  Expenses:Food:Restaurant                          27.31 USD

2018-04-30 * "Rose Flower" "Eating out with Bill"
  Liabilities:US:Chase:Slate                       -55.96 USD
  Expenses:Food:Restaurant                          55.96 USD

2018-05-01 balance Liabilities:US:Chase:Slate     -378.21 USD

2018-05-02 * "Kin Soy" "Eating out alone"
  Liabilities:US:Chase:Slate                       -13.83 USD
  Expenses:Food:Restaurant                          13.83 USD

2018-05-02 * "Corner Deli" "Buying groceries"
  Liabilities:US:Chase:Slate                       -66.76 USD
  Expenses:Food:Groceries                           66.76 USD

2018-05-03 * "Metro Transport Authority" "Tram tickets"
  Liabilities:US:Chase:Slate                      -120.00 USD
  Expenses:Transport:Tram                          120.00 USD

2018-05-05 * "China Garden" "Eating out "
  Liabilities:US:Chase:Slate                       -13.53 USD
  Expenses:Food:Restaurant                          13.53 USD

2018-05-08 * "Rose Flower" "Eating out with Bill"
  Liabilities:US:Chase:Slate                       -37.33 USD
  Expenses:Food:Restaurant                          37.33 USD

2018-05-08 * "Chase:Slate" "Paying off credit card"
  Liabilities:US:Chase:Slate                       629.66 USD
  Assets:US:BofA:Checking                         -629.66 USD

2018-05-12 * "Jewel of Morroco" "Eating out with Bill"
  Liabilities:US:Chase:Slate                       -60.78 USD
  Expenses:Food:Restaurant                          60.78 USD

2018-05-12 * "Corner Deli" "Buying groceries"
  Liabilities:US:Chase:Slate                       -79.97 USD
  Expenses:Food:Groceries                           79.97 USD

2018-05-16 * "Cafe Modagor" "Eating out "
  Liabilities:US:Chase:Slate                       -27.76 USD
  Expenses:Food:Restaurant                          27.76 USD

2018-05-21 * "China Garden" "Eating out after work"
  Liabilities:US:Chase:Slate                       -33.29 USD
  Expenses:Food:Restaurant                          33.29 USD

2018-05-23 * "Cafe Modagor" "Eating out with work buddies"
  Liabilities:US:Chase:Slate                       -31.36 USD
  Expenses:Food:Restaurant                          31.36 USD

2018-05-25 * "Jewel of Morroco" "Eating out with Joe"
  Liabilities:US:Chase:Slate                       -29.42 USD
  Expenses:Food:Restaurant                          29.42 USD

2018-05-27 * "Cafe Modagor" "Eating out alone"
  Liabilities:US:Chase:Slate                       -46.69 USD
  Expenses:Food:Restaurant                          46.69 USD

2018-05-27 * "Corner Deli" "Buying groceries"
  Liabilities:US:Chase:Slate                       -88.35 USD
  Expenses:Food:Groceries                           88.35 USD

2018-05-28 * "Chichipotle" "Eating out alone"
  Liabilities:US:Chase:Slate                       -39.04 USD
  Expenses:Food:Restaurant                          39.04 USD

2018-05-30 balance Liabilities:US:Chase:Slate     -436.66 USD

2018-05-31 * "Cafe Modagor" "Eating out with work buddies"
  Liabilities:US:Chase:Slate                       -36.51 USD
  Expenses:Food:Restaurant                          36.51 USD

2018-06-01 * "China Garden" "Eating out "
  Liabilities:US:Chase:Slate                       -22.87 USD
  Expenses:Food:Restaurant                          22.87 USD

2018-06-01 * "Metro Transport Authority" "Tram tickets"
  Liabilities:US:Chase:Slate                      -120.00 USD
  Expenses:Transport:Tram                          120.00 USD

2018-06-05 * "Onion Market" "Buying groceries"
  Liabilities:US:Chase:Slate                      -103.67 USD
  Expenses:Food:Groceries                          103.67 USD

2018-06-06 * "Cafe Modagor" "Eating out alone"
  Liabilities:US:Chase:Slate                       -38.01 USD
  Expenses:Food:Restaurant                          38.01 USD

2018-06-07 * "Cafe Modagor" "Eating out with Julie"
  Liabilities:US:Chase:Slate                       -46.53 USD
  Expenses:Food:Restaurant                          46.53 USD

2018-06-11 * "Uncle Boons" "Eating out with Natasha"
  Liabilities:US:Chase:Slate                       -30.05 USD
  Expenses:Food:Restaurant                          30.05 USD

2018-06-11 * "Chase:Slate" "Paying off credit card"
  Liabilities:US:Chase:Slate                       834.30 USD
  Assets:US:BofA:Checking                         -834.30 USD

2018-06-16 * "Chichipotle" "Eating out alone"
  Liabilities:US:Chase:Slate                       -29.98 USD
  Expenses:Food:Restaurant                          29.98 USD

2018-06-18 * "Goba Goba" "Eating out with Natasha"
  Liabilities:US:Chase:Slate                       -31.34 USD
  Expenses:Food:Restaurant                          31.34 USD

2018-06-19 * "Goba Goba" "Eating out with work buddies"
  Liabilities:US:Chase:Slate                       -38.31 USD
  Expenses:Food:Restaurant                          38.31 USD

2018-06-22 balance Liabilities:US:Chase:Slate      -99.63 USD

2018-06-23 * "China Garden" "Eating out with Joe"
  Liabilities:US:Chase:Slate                       -28.07 USD
  Expenses:Food:Restaurant                          28.07 USD

2018-06-23 * "Corner Deli" "Buying groceries"
  Liabilities:US:Chase:Slate                       -83.69 USD
  Expenses:Food:Groceries                           83.69 USD

2018-06-24 * "Rose Flower" "Eating out after work"
  Liabilities:US:Chase:Slate                       -22.13 USD
  Expenses:Food:Restaurant                          22.13 USD

2018-06-28 * "China Garden" "Eating out "
  Liabilities:US:Chase:Slate                       -32.73 USD
  Expenses:Food:Restaurant                          32.73 USD

2018-06-28 * "Metro Transport Authority" "Tram tickets"
  Liabilities:US:Chase:Slate                      -120.00 USD
  Expenses:Transport:Tram                          120.00 USD

2018-06-30 * "Jewel of Morroco" "Eating out after work"
  Liabilities:US:Chase:Slate                       -16.29 USD
  Expenses:Food:Restaurant                          16.29 USD

2018-07-04 * "China Garden" "Eating out with work buddies"
  Liabilities:US:Chase:Slate                       -20.65 USD
  Expenses:Food:Restaurant                          20.65 USD

2018-07-06 * "Corner Deli" "Buying groceries"
  Liabilities:US:Chase:Slate                       -71.47 USD
  Expenses:Food:Groceries                           71.47 USD

2018-07-07 * "Chase:Slate" "Paying off credit card"
  Liabilities:US:Chase:Slate                       521.71 USD
  Assets:US:BofA:Checking                         -521.71 USD

2018-07-08 * "Goba Goba" "Eating out with work buddies"
  Liabilities:US:Chase:Slate                       -27.05 USD
  Expenses:Food:Restaurant                          27.05 USD

2018-07-10 * "Goba Goba" "Eating out with Joe"
  Liabilities:US:Chase:Slate                       -12.97 USD
  Expenses:Food:Restaurant                          12.97 USD

2018-07-12 * "Uncle Boons" "Eating out "
  Liabilities:US:Chase:Slate                       -23.36 USD
  Expenses:Food:Restaurant                          23.36 USD

2018-07-16 * "China Garden" "Eating out with Bill"
  Liabilities:US:Chase:Slate                       -44.17 USD
  Expenses:Food:Restaurant                          44.17 USD

2018-07-19 * "Kin Soy" "Eating out with Julie"
  Liabilities:US:Chase:Slate                       -39.97 USD
  Expenses:Food:Restaurant                          39.97 USD

2018-07-20 * "Corner Deli" "Buying groceries"
  Liabilities:US:Chase:Slate                       -91.24 USD
  Expenses:Food:Groceries                           91.24 USD

2018-07-22 balance Liabilities:US:Chase:Slate     -211.71 USD

2018-07-22 * "Jewel of Morroco" "Eating out after work"
  Liabilities:US:Chase:Slate                       -27.69 USD
  Expenses:Food:Restaurant                          27.69 USD

2018-07-27 * "Cafe Modagor" "Eating out with Natasha"
  Liabilities:US:Chase:Slate                       -36.68 USD
  Expenses:Food:Restaurant                          36.68 USD

2018-07-27 * "Onion Market" "Buying groceries"
  Liabilities:US:Chase:Slate                       -63.13 USD
  Expenses:Food:Groceries                           63.13 USD

2018-07-30 * "Chichipotle" "Eating out alone"
  Liabilities:US:Chase:Slate                       -41.12 USD
  Expenses:Food:Restaurant                          41.12 USD

2018-07-31 * "Cafe Modagor" "Eating out with Bill"
  Liabilities:US:Chase:Slate                       -26.23 USD
  Expenses:Food:Restaurant                          26.23 USD

2018-07-31 * "Metro Transport Authority" "Tram tickets"
  Liabilities:US:Chase:Slate                      -120.00 USD
  Expenses:Transport:Tram                          120.00 USD

2018-08-04 * "Goba Goba" "Eating out with Bill"
  Liabilities:US:Chase:Slate                       -17.31 USD
  Expenses:Food:Restaurant                          17.31 USD

2018-08-07 * "Chase:Slate" "Paying off credit card"
  Liabilities:US:Chase:Slate                       574.84 USD
  Assets:US:BofA:Checking                         -574.84 USD

2018-08-08 * "Chichipotle" "Eating out with Natasha"
  Liabilities:US:Chase:Slate                       -30.97 USD
  Expenses:Food:Restaurant                          30.97 USD

2018-08-11 * "Uncle Boons" "Eating out after work"
  Liabilities:US:Chase:Slate                       -41.65 USD
  Expenses:Food:Restaurant                          41.65 USD

2018-08-13 * "Good Moods Market" "Buying groceries"
  Liabilities:US:Chase:Slate                       -84.65 USD
  Expenses:Food:Groceries                           84.65 USD

2018-08-14 balance Liabilities:US:Chase:Slate     -126.30 USD

2018-08-16 * "China Garden" "Eating out with Julie"
  Liabilities:US:Chase:Slate                       -24.25 USD
  Expenses:Food:Restaurant                          24.25 USD

2018-08-19 * "Jewel of Morroco" "Eating out with Julie"
  Liabilities:US:Chase:Slate                       -20.88 USD
  Expenses:Food:Restaurant                          20.88 USD

2018-08-19 * "Good Moods Market" "Buying groceries"
  Liabilities:US:Chase:Slate                      -133.26 USD
  Expenses:Food:Groceries                          133.26 USD

2018-08-22 * "China Garden" "Eating out after work"
  Liabilities:US:Chase:Slate                       -28.04 USD
  Expenses:Food:Restaurant                          28.04 USD

2018-08-26 * "Kin Soy" "Eating out with Bill"
  Liabilities:US:Chase:Slate                       -28.77 USD
  Expenses:Food:Restaurant                          28.77 USD

2018-08-27 * "Metro Transport Authority" "Tram tickets"
  Liabilities:US:Chase:Slate                      -120.00 USD
  Expenses:Transport:Tram                          120.00 USD

2018-08-28 * "Corner Deli" "Buying groceries"
  Liabilities:US:Chase:Slate                       -82.04 USD
  Expenses:Food:Groceries                           82.04 USD

2018-08-31 * "Jewel of Morroco" "Eating out with Julie"
  Liabilities:US:Chase:Slate                       -18.68 USD
  Expenses:Food:Restaurant                          18.68 USD

2018-09-01 * "Uncle Boons" "Eating out with Natasha"
  Liabilities:US:Chase:Slate                       -25.80 USD
  Expenses:Food:Restaurant                          25.80 USD

2018-09-05 * "Uncle Boons" "Eating out after work"
  Liabilities:US:Chase:Slate                       -58.74 USD
  Expenses:Food:Restaurant                          58.74 USD

2018-09-09 * "Chase:Slate" "Paying off credit card"
  Liabilities:US:Chase:Slate                       730.97 USD
  Assets:US:BofA:Checking                         -730.97 USD

2018-09-10 balance Liabilities:US:Chase:Slate       64.21 USD

2018-09-10 * "Cafe Modagor" "Eating out alone"
  Liabilities:US:Chase:Slate                       -64.21 USD
  Expenses:Food:Restaurant                          64.21 USD

2018-09-10 * "Onion Market" "Buying groceries"
  Liabilities:US:Chase:Slate                       -93.46 USD
  Expenses:Food:Groceries                           93.46 USD

2018-09-13 * "Chichipotle" "Eating out with Julie"
  Liabilities:US:Chase:Slate                       -60.34 USD
  Expenses:Food:Restaurant                          60.34 USD

2018-09-15 * "Cafe Modagor" "Eating out alone"
  Liabilities:US:Chase:Slate                       -22.17 USD
  Expenses:Food:Restaurant                          22.17 USD

2018-09-15 * "Farmer Fresh" "Buying groceries"
  Liabilities:US:Chase:Slate                       -69.12 USD
  Expenses:Food:Groceries                           69.12 USD

2018-09-20 * "Kin Soy" "Eating out with Julie"
  Liabilities:US:Chase:Slate                       -25.96 USD
  Expenses:Food:Restaurant                          25.96 USD

2018-09-23 * "Goba Goba" "Eating out alone"
  Liabilities:US:Chase:Slate                       -17.06 USD
  Expenses:Food:Restaurant                          17.06 USD

2018-09-25 * "Jewel of Morroco" "Eating out with Joe"
  Liabilities:US:Chase:Slate                       -30.10 USD
  Expenses:Food:Restaurant                          30.10 USD

2018-09-26 * "Uncle Boons" "Eating out with Bill"
  Liabilities:US:Chase:Slate                       -33.73 USD
  Expenses:Food:Restaurant                          33.73 USD

2018-09-28 * "Metro Transport Authority" "Tram tickets"
  Liabilities:US:Chase:Slate                      -120.00 USD
  Expenses:Transport:Tram                          120.00 USD

2018-09-30 * "Jewel of Morroco" "Eating out alone"
  Liabilities:US:Chase:Slate                       -27.06 USD
  Expenses:Food:Restaurant                          27.06 USD

2018-10-03 * "Cafe Modagor" "Eating out with Julie"
  Liabilities:US:Chase:Slate                       -17.47 USD
  Expenses:Food:Restaurant                          17.47 USD

2018-10-04 balance Liabilities:US:Chase:Slate     -516.47 USD

2018-10-05 * "Onion Market" "Buying groceries"
  Liabilities:US:Chase:Slate                       -77.45 USD
  Expenses:Food:Groceries                           77.45 USD

2018-10-06 * "Rose Flower" "Eating out "
  Liabilities:US:Chase:Slate                       -30.45 USD
  Expenses:Food:Restaurant                          30.45 USD

2018-10-10 * "China Garden" "Eating out with work buddies"
  Liabilities:US:Chase:Slate                       -13.07 USD
  Expenses:Food:Restaurant                          13.07 USD

2018-10-10 * "Chase:Slate" "Paying off credit card"
  Liabilities:US:Chase:Slate                       637.44 USD
  Assets:US:BofA:Checking                         -637.44 USD

2018-10-13 * "China Garden" "Eating out with work buddies"
  Liabilities:US:Chase:Slate                       -45.28 USD
  Expenses:Food:Restaurant                          45.28 USD

2018-10-14 event "location" "Boston"

2018-10-15 * "Giacomo's Restaurant" "" #trip-boston-2018
  Liabilities:US:Chase:Slate                       -36.63 USD
  Expenses:Food:Restaurant                          36.63 USD

2018-10-15 * "Legal Seafood" "" #trip-boston-2018
  Liabilities:US:Chase:Slate                       -37.27 USD
  Expenses:Food:Restaurant                          37.27 USD

2018-10-15 * "Starbucks" "" #trip-boston-2018
  Liabilities:US:Chase:Slate                        -6.48 USD
  Expenses:Food:Coffee                               6.48 USD

2018-10-16 * "Starbucks" "" #trip-boston-2018
  Liabilities:US:Chase:Slate                        -6.07 USD
  Expenses:Food:Coffee                               6.07 USD

2018-10-17 * "Legal Seafood" "" #trip-boston-2018
  Liabilities:US:Chase:Slate                       -30.19 USD
  Expenses:Food:Restaurant                          30.19 USD

2018-10-18 * "Giacomo's Restaurant" "" #trip-boston-2018
  Liabilities:US:Chase:Slate                       -40.50 USD
  Expenses:Food:Restaurant                          40.50 USD

2018-10-19 * "Giacomo's Restaurant" "" #trip-boston-2018
  Liabilities:US:Chase:Slate                       -28.09 USD
  Expenses:Food:Restaurant                          28.09 USD

2018-10-21 * "Starbucks" "" #trip-boston-2018
  Liabilities:US:Chase:Slate                        -5.75 USD
  Expenses:Food:Coffee                               5.75 USD

2018-10-22 * "Legal Seafood" "" #trip-boston-2018
  Liabilities:US:Chase:Slate                       -26.75 USD
  Expenses:Food:Restaurant                          26.75 USD

2018-10-24 * "Legal Seafood" "" #trip-boston-2018
  Liabilities:US:Chase:Slate                       -34.53 USD
  Expenses:Food:Restaurant                          34.53 USD

2018-10-26 * "Legal Seafood" "" #trip-boston-2018
  Liabilities:US:Chase:Slate                       -39.69 USD
  Expenses:Food:Restaurant                          39.69 USD

2018-10-26 * "Franklin Cafe" "" #trip-boston-2018
  Liabilities:US:Chase:Slate                       -29.70 USD
  Expenses:Food:Restaurant                          29.70 USD

2018-10-27 * "Giacomo's Restaurant" "" #trip-boston-2018
  Liabilities:US:Chase:Slate                       -31.89 USD
  Expenses:Food:Restaurant                          31.89 USD

2018-10-28 * "Consume vacation days"
  Assets:US:Hooli:Vacation                           -112 VACHR
  Expenses:Vacation                                   112 VACHR

2018-10-28 event "location" "New Metropolis"

2018-10-29 * "Kin Soy" "Eating out with Joe"
  Liabilities:US:Chase:Slate                       -54.69 USD
  Expenses:Food:Restaurant                          54.69 USD

2018-10-29 * "Corner Deli" "Buying groceries"
  Liabilities:US:Chase:Slate                      -136.06 USD
  Expenses:Food:Groceries                          136.06 USD

2018-10-31 balance Liabilities:US:Chase:Slate     -589.57 USD

2018-11-03 * "Rose Flower" "Eating out alone"
  Liabilities:US:Chase:Slate                       -35.31 USD
  Expenses:Food:Restaurant                          35.31 USD

2018-11-05 * "Chichipotle" "Eating out with Joe"
  Liabilities:US:Chase:Slate                       -41.60 USD
  Expenses:Food:Restaurant                          41.60 USD

2018-11-07 * "Chase:Slate" "Paying off credit card"
  Liabilities:US:Chase:Slate                       337.58 USD
  Assets:US:BofA:Checking                         -337.58 USD

2018-11-10 * "China Garden" "Eating out after work"
  Liabilities:US:Chase:Slate                       -24.64 USD
  Expenses:Food:Restaurant                          24.64 USD

2018-11-10 * "Corner Deli" "Buying groceries"
  Liabilities:US:Chase:Slate                       -78.19 USD
  Expenses:Food:Groceries                           78.19 USD

2018-11-11 * "Jewel of Morroco" "Eating out with work buddies"
  Liabilities:US:Chase:Slate                       -34.89 USD
  Expenses:Food:Restaurant                          34.89 USD

2018-11-12 * "Goba Goba" "Eating out after work"
  Liabilities:US:Chase:Slate                       -14.79 USD
  Expenses:Food:Restaurant                          14.79 USD

2018-11-16 * "Kin Soy" "Eating out with Bill"
  Liabilities:US:Chase:Slate                       -41.68 USD
  Expenses:Food:Restaurant                          41.68 USD

2018-11-18 * "Kin Soy" "Eating out with work buddies"
  Liabilities:US:Chase:Slate                       -19.46 USD
  Expenses:Food:Restaurant                          19.46 USD

2018-11-18 * "Corner Deli" "Buying groceries"
  Liabilities:US:Chase:Slate                      -114.26 USD
  Expenses:Food:Groceries                          114.26 USD

2018-11-19 * "Kin Soy" "Eating out with Julie"
  Liabilities:US:Chase:Slate                       -32.73 USD
  Expenses:Food:Restaurant                          32.73 USD

2018-11-21 balance Liabilities:US:Chase:Slate     -689.54 USD

2018-11-21 * "Cafe Modagor" "Eating out "
  Liabilities:US:Chase:Slate                       -44.24 USD
  Expenses:Food:Restaurant                          44.24 USD

2018-11-25 * "Chichipotle" "Eating out with work buddies"
  Liabilities:US:Chase:Slate                       -35.65 USD
  Expenses:Food:Restaurant                          35.65 USD

2018-11-25 * "Onion Market" "Buying groceries"
  Liabilities:US:Chase:Slate                      -111.13 USD
  Expenses:Food:Groceries                          111.13 USD

2018-11-27 * "Kin Soy" "Eating out with Julie"
  Liabilities:US:Chase:Slate                       -17.25 USD
  Expenses:Food:Restaurant                          17.25 USD

2018-11-28 * "Metro Transport Authority" "Tram tickets"
  Liabilities:US:Chase:Slate                      -120.00 USD
  Expenses:Transport:Tram                          120.00 USD

2018-11-30 * "Cafe Modagor" "Eating out with Natasha"
  Liabilities:US:Chase:Slate                       -21.03 USD
  Expenses:Food:Restaurant                          21.03 USD

2018-11-30 * "Corner Deli" "Buying groceries"
  Liabilities:US:Chase:Slate                      -106.39 USD
  Expenses:Food:Groceries                          106.39 USD

2018-12-05 * "China Garden" "Eating out after work"
  Liabilities:US:Chase:Slate                       -37.02 USD
  Expenses:Food:Restaurant                          37.02 USD

2018-12-10 * "Goba Goba" "Eating out with Julie"
  Liabilities:US:Chase:Slate                       -35.84 USD
  Expenses:Food:Restaurant                          35.84 USD

2018-12-11 * "Chase:Slate" "Paying off credit card"
  Liabilities:US:Chase:Slate                       903.48 USD
  Assets:US:BofA:Checking                         -903.48 USD

2018-12-14 * "Chichipotle" "Eating out with Joe"
  Liabilities:US:Chase:Slate                       -38.93 USD
  Expenses:Food:Restaurant                          38.93 USD

2018-12-15 balance Liabilities:US:Chase:Slate     -353.54 USD

2018-12-16 * "Kin Soy" "Eating out with work buddies"
  Liabilities:US:Chase:Slate                       -28.10 USD
  Expenses:Food:Restaurant                          28.10 USD

2018-12-17 * "Corner Deli" "Buying groceries"
  Liabilities:US:Chase:Slate                       -96.94 USD
  Expenses:Food:Groceries                           96.94 USD

2018-12-18 * "Kin Soy" "Eating out "
  Liabilities:US:Chase:Slate                       -17.08 USD
  Expenses:Food:Restaurant                          17.08 USD

2018-12-21 * "Cafe Modagor" "Eating out "
  Liabilities:US:Chase:Slate                       -19.86 USD
  Expenses:Food:Restaurant                          19.86 USD

2018-12-26 * "Rose Flower" "Eating out with Bill"
  Liabilities:US:Chase:Slate                       -34.84 USD
  Expenses:Food:Restaurant                          34.84 USD

2018-12-27 * "Rose Flower" "Eating out with Bill"
  Liabilities:US:Chase:Slate                       -34.91 USD
  Expenses:Food:Restaurant                          34.91 USD

2018-12-28 * "Metro Transport Authority" "Tram tickets"
  Liabilities:US:Chase:Slate                      -120.00 USD
  Expenses:Transport:Tram                          120.00 USD

2018-12-29 * "Kin Soy" "Eating out with Joe"
  Liabilities:US:Chase:Slate                       -22.01 USD
  Expenses:Food:Restaurant                          22.01 USD

2018-12-30 * "Jewel of Morroco" "Eating out with Julie"
  Liabilities:US:Chase:Slate                       -27.69 USD
  Expenses:Food:Restaurant                          27.69 USD

2019-01-02 * "Jewel of Morroco" "Eating out after work"
  Liabilities:US:Chase:Slate                       -27.20 USD
  Expenses:Food:Restaurant                          27.20 USD

2019-01-02 * "Corner Deli" "Buying groceries"
  Liabilities:US:Chase:Slate                       -72.44 USD
  Expenses:Food:Groceries                           72.44 USD

2019-01-04 balance Liabilities:US:Chase:Slate     -854.61 USD

2019-01-04 * "Uncle Boons" "Eating out with Natasha"
  Liabilities:US:Chase:Slate                       -29.36 USD
  Expenses:Food:Restaurant                          29.36 USD

2019-01-08 * "Kin Soy" "Eating out with Natasha"
  Liabilities:US:Chase:Slate                       -23.00 USD
  Expenses:Food:Restaurant                          23.00 USD

2019-01-09 * "Rose Flower" "Eating out "
  Liabilities:US:Chase:Slate                       -25.58 USD
  Expenses:Food:Restaurant                          25.58 USD

2019-01-09 * "Chase:Slate" "Paying off credit card"
  Liabilities:US:Chase:Slate                       579.01 USD
  Assets:US:BofA:Checking                         -579.01 USD

2019-01-12 * "Jewel of Morroco" "Eating out with Bill"
  Liabilities:US:Chase:Slate                       -19.26 USD
  Expenses:Food:Restaurant                          19.26 USD

2019-01-16 * "China Garden" "Eating out with work buddies"
  Liabilities:US:Chase:Slate                       -24.34 USD
  Expenses:Food:Restaurant                          24.34 USD

2019-01-20 * "Goba Goba" "Eating out after work"
  Liabilities:US:Chase:Slate                       -27.76 USD
  Expenses:Food:Restaurant                          27.76 USD

2019-01-21 * "Onion Market" "Buying groceries"
  Liabilities:US:Chase:Slate                       -53.65 USD
  Expenses:Food:Groceries                           53.65 USD

2019-01-25 * "Kin Soy" "Eating out "
  Liabilities:US:Chase:Slate                       -17.27 USD
  Expenses:Food:Restaurant                          17.27 USD

2019-01-26 * "Metro Transport Authority" "Tram tickets"
  Liabilities:US:Chase:Slate                      -120.00 USD
  Expenses:Transport:Tram                          120.00 USD

2019-01-29 balance Liabilities:US:Chase:Slate     -615.82 USD

2019-01-29 * "Goba Goba" "Eating out with work buddies"
  Liabilities:US:Chase:Slate                       -46.68 USD
  Expenses:Food:Restaurant                          46.68 USD

2019-02-02 * "Kin Soy" "Eating out with Joe"
  Liabilities:US:Chase:Slate                       -21.79 USD
  Expenses:Food:Restaurant                          21.79 USD

2019-02-03 * "Cafe Modagor" "Eating out with Natasha"
  Liabilities:US:Chase:Slate                       -27.41 USD
  Expenses:Food:Restaurant                          27.41 USD

2019-02-06 * "Kin Soy" "Eating out with Joe"
  Liabilities:US:Chase:Slate                       -20.11 USD
  Expenses:Food:Restaurant                          20.11 USD

2019-02-07 * "Chase:Slate" "Paying off credit card"
  Liabilities:US:Chase:Slate                       438.85 USD
  Assets:US:BofA:Checking                         -438.85 USD

2019-02-08 * "Rose Flower" "Eating out with Bill"
  Liabilities:US:Chase:Slate                       -60.58 USD
  Expenses:Food:Restaurant                          60.58 USD

2019-02-08 * "Corner Deli" "Buying groceries"
  Liabilities:US:Chase:Slate                       -65.25 USD
  Expenses:Food:Groceries                           65.25 USD

2019-02-12 * "Goba Goba" "Eating out alone"
  Liabilities:US:Chase:Slate                       -18.12 USD
  Expenses:Food:Restaurant                          18.12 USD

2019-02-13 * "Jewel of Morroco" "Eating out "
  Liabilities:US:Chase:Slate                       -22.52 USD
  Expenses:Food:Restaurant                          22.52 USD

2019-02-14 * "Rose Flower" "Eating out after work"
  Liabilities:US:Chase:Slate                       -31.59 USD
  Expenses:Food:Restaurant                          31.59 USD

2019-02-17 * "Rose Flower" "Eating out with Natasha"
  Liabilities:US:Chase:Slate                       -35.30 USD
  Expenses:Food:Restaurant                          35.30 USD

2019-02-18 balance Liabilities:US:Chase:Slate     -526.32 USD

2019-02-22 * "China Garden" "Eating out "
  Liabilities:US:Chase:Slate                       -22.63 USD
  Expenses:Food:Restaurant                          22.63 USD

2019-02-23 * "China Garden" "Eating out with Julie"
  Liabilities:US:Chase:Slate                       -10.07 USD
  Expenses:Food:Restaurant                          10.07 USD

2019-02-24 * "Jewel of Morroco" "Eating out with Joe"
  Liabilities:US:Chase:Slate                       -37.92 USD
  Expenses:Food:Restaurant                          37.92 USD

2019-02-27 * "Metro Transport Authority" "Tram tickets"
  Liabilities:US:Chase:Slate                      -120.00 USD
  Expenses:Transport:Tram                          120.00 USD

2019-02-28 * "Onion Market" "Buying groceries"
  Liabilities:US:Chase:Slate                       -85.21 USD
  Expenses:Food:Groceries                           85.21 USD

2019-03-01 * "China Garden" "Eating out with work buddies"
  Liabilities:US:Chase:Slate                       -27.86 USD
  Expenses:Food:Restaurant                          27.86 USD

2019-03-04 * "Rose Flower" "Eating out with Bill"
  Liabilities:US:Chase:Slate                       -21.57 USD
  Expenses:Food:Restaurant                          21.57 USD

2019-03-08 * "Chase:Slate" "Paying off credit card"
  Liabilities:US:Chase:Slate                       534.36 USD
  Assets:US:BofA:Checking                         -534.36 USD

2019-03-09 * "Uncle Boons" "Eating out with work buddies"
  Liabilities:US:Chase:Slate                       -36.32 USD
  Expenses:Food:Restaurant                          36.32 USD

2019-03-11 * "Jewel of Morroco" "Eating out "
  Liabilities:US:Chase:Slate                       -28.32 USD
  Expenses:Food:Restaurant                          28.32 USD

2019-03-13 balance Liabilities:US:Chase:Slate     -381.86 USD

2019-03-13 * "Chichipotle" "Eating out with Julie"
  Liabilities:US:Chase:Slate                       -17.55 USD
  Expenses:Food:Restaurant                          17.55 USD

2019-03-18 * "Jewel of Morroco" "Eating out with Bill"
  Liabilities:US:Chase:Slate                       -19.06 USD
  Expenses:Food:Restaurant                          19.06 USD

2019-03-19 * "Farmer Fresh" "Buying groceries"
  Liabilities:US:Chase:Slate                      -109.04 USD
  Expenses:Food:Groceries                          109.04 USD

2019-03-23 * "Kin Soy" "Eating out with work buddies"
  Liabilities:US:Chase:Slate                       -19.87 USD
  Expenses:Food:Restaurant                          19.87 USD

2019-03-27 * "Jewel of Morroco" "Eating out alone"
  Liabilities:US:Chase:Slate                       -14.65 USD
  Expenses:Food:Restaurant                          14.65 USD

2019-03-28 * "Onion Market" "Buying groceries"
  Liabilities:US:Chase:Slate                      -113.77 USD
  Expenses:Food:Groceries                          113.77 USD

2019-03-28 * "Metro Transport Authority" "Tram tickets"
  Liabilities:US:Chase:Slate                      -120.00 USD
  Expenses:Transport:Tram                          120.00 USD

2019-04-01 * "Uncle Boons" "Eating out after work"
  Liabilities:US:Chase:Slate                       -39.13 USD
  Expenses:Food:Restaurant                          39.13 USD

2019-04-02 balance Liabilities:US:Chase:Slate     -834.93 USD

2019-04-06 * "Cafe Modagor" "Eating out with work buddies"
  Liabilities:US:Chase:Slate                       -39.21 USD
  Expenses:Food:Restaurant                          39.21 USD

2019-04-09 * "Good Moods Market" "Buying groceries"
  Liabilities:US:Chase:Slate                       -73.03 USD
  Expenses:Food:Groceries                           73.03 USD

2019-04-09 * "Chase:Slate" "Paying off credit card"
  Liabilities:US:Chase:Slate                       593.63 USD
  Assets:US:BofA:Checking                         -593.63 USD

2019-04-10 * "China Garden" "Eating out after work"
  Liabilities:US:Chase:Slate                       -31.07 USD
  Expenses:Food:Restaurant                          31.07 USD

2019-04-12 * "Rose Flower" "Eating out "
  Liabilities:US:Chase:Slate                       -36.90 USD
  Expenses:Food:Restaurant                          36.90 USD

2019-04-15 * "Jewel of Morroco" "Eating out with Joe"
  Liabilities:US:Chase:Slate                       -32.26 USD
  Expenses:Food:Restaurant                          32.26 USD

2019-04-15 * "Good Moods Market" "Buying groceries"
  Liabilities:US:Chase:Slate                       -83.55 USD
  Expenses:Food:Groceries                           83.55 USD

2019-04-18 * "Jewel of Morroco" "Eating out with Julie"
  Liabilities:US:Chase:Slate                       -42.06 USD
  Expenses:Food:Restaurant                          42.06 USD

2019-04-20 * "Uncle Boons" "Eating out with Natasha"
  Liabilities:US:Chase:Slate                       -14.70 USD
  Expenses:Food:Restaurant                          14.70 USD

2019-04-22 * "Rose Flower" "Eating out with Joe"
  Liabilities:US:Chase:Slate                       -36.67 USD
  Expenses:Food:Restaurant                          36.67 USD

2019-04-25 * "Jewel of Morroco" "Eating out with work buddies"
  Liabilities:US:Chase:Slate                       -37.14 USD
  Expenses:Food:Restaurant                          37.14 USD

2019-04-27 * "Metro Transport Authority" "Tram tickets"
  Liabilities:US:Chase:Slate                      -120.00 USD
  Expenses:Transport:Tram                          120.00 USD

2019-04-29 balance Liabilities:US:Chase:Slate     -787.89 USD

2019-04-29 * "Cafe Modagor" "Eating out "
  Liabilities:US:Chase:Slate                       -22.61 USD
  Expenses:Food:Restaurant                          22.61 USD

2019-04-30 * "China Garden" "Eating out with Joe"
  Liabilities:US:Chase:Slate                       -13.64 USD
  Expenses:Food:Restaurant                          13.64 USD

2019-04-30 * "Farmer Fresh" "Buying groceries"
  Liabilities:US:Chase:Slate                       -81.31 USD
  Expenses:Food:Groceries                           81.31 USD

2019-05-04 event "location" "New York"

2019-05-05 * "Laut" "" #trip-new-york-2019
  Liabilities:US:Chase:Slate                       -26.78 USD
  Expenses:Food:Restaurant                          26.78 USD

2019-05-05 * "Gimme! Coffee" "" #trip-new-york-2019
  Liabilities:US:Chase:Slate                        -6.25 USD
  Expenses:Food:Coffee                               6.25 USD

2019-05-06 * "Takahachi" "" #trip-new-york-2019
  Liabilities:US:Chase:Slate                       -44.14 USD
  Expenses:Food:Restaurant                          44.14 USD

2019-05-06 * "Laut" "" #trip-new-york-2019
  Liabilities:US:Chase:Slate                       -28.69 USD
  Expenses:Food:Restaurant                          28.69 USD

2019-05-07 * "Cafe Select" "" #trip-new-york-2019
  Liabilities:US:Chase:Slate                       -28.06 USD
  Expenses:Food:Restaurant                          28.06 USD

2019-05-07 * "Laut" "" #trip-new-york-2019
  Liabilities:US:Chase:Slate                       -33.55 USD
  Expenses:Food:Restaurant                          33.55 USD

2019-05-07 * "Gimme! Coffee" "" #trip-new-york-2019
  Liabilities:US:Chase:Slate                        -8.69 USD
  Expenses:Food:Coffee                               8.69 USD

2019-05-08 * "Cafe Select" "" #trip-new-york-2019
  Liabilities:US:Chase:Slate                       -32.00 USD
  Expenses:Food:Restaurant                          32.00 USD

2019-05-08 * "Laut" "" #trip-new-york-2019
  Liabilities:US:Chase:Slate                       -29.76 USD
  Expenses:Food:Restaurant                          29.76 USD

2019-05-08 * "La Colombe" "" #trip-new-york-2019
  Liabilities:US:Chase:Slate                        -6.35 USD
  Expenses:Food:Coffee                               6.35 USD

2019-05-08 * "Gimme! Coffee" "" #trip-new-york-2019
  Liabilities:US:Chase:Slate                        -7.51 USD
  Expenses:Food:Coffee                               7.51 USD

2019-05-08 * "Chase:Slate" "Paying off credit card"
  Liabilities:US:Chase:Slate                       584.68 USD
  Assets:US:BofA:Checking                         -584.68 USD

2019-05-09 * "Uncle Boons" "" #trip-new-york-2019
  Liabilities:US:Chase:Slate                       -38.44 USD
  Expenses:Food:Restaurant                          38.44 USD

2019-05-09 * "Cafe Select" "" #trip-new-york-2019
  Liabilities:US:Chase:Slate                       -26.16 USD
  Expenses:Food:Restaurant                          26.16 USD

2019-05-09 * "Laut" "" #trip-new-york-2019
  Liabilities:US:Chase:Slate                       -38.32 USD
  Expenses:Food:Restaurant                          38.32 USD

2019-05-09 * "Gimme! Coffee" "" #trip-new-york-2019
  Liabilities:US:Chase:Slate                        -7.67 USD
  Expenses:Food:Coffee                               7.67 USD

2019-05-11 * "Laut" "" #trip-new-york-2019
  Liabilities:US:Chase:Slate                       -24.97 USD
  Expenses:Food:Restaurant                          24.97 USD

2019-05-12 * "Laut" "" #trip-new-york-2019
  Liabilities:US:Chase:Slate                       -33.22 USD
  Expenses:Food:Restaurant                          33.22 USD

2019-05-12 * "La Colombe" "" #trip-new-york-2019
  Liabilities:US:Chase:Slate                        -5.59 USD
  Expenses:Food:Coffee                               5.59 USD

2019-05-13 * "Takahachi" "" #trip-new-york-2019
  Liabilities:US:Chase:Slate                       -54.44 USD
  Expenses:Food:Restaurant                          54.44 USD

2019-05-14 * "Cafe Select" "" #trip-new-york-2019
  Liabilities:US:Chase:Slate                       -28.93 USD
  Expenses:Food:Restaurant                          28.93 USD

2019-05-14 * "La Colombe" "" #trip-new-york-2019
  Liabilities:US:Chase:Slate                        -5.22 USD
  Expenses:Food:Coffee                               5.22 USD

2019-05-15 * "Gimme! Coffee" "" #trip-new-york-2019
  Liabilities:US:Chase:Slate                        -6.17 USD
  Expenses:Food:Coffee                               6.17 USD

2019-05-16 * "Cafe Select" "" #trip-new-york-2019
  Liabilities:US:Chase:Slate                       -27.75 USD
  Expenses:Food:Restaurant                          27.75 USD

2019-05-16 * "Takahachi" "" #trip-new-york-2019
  Liabilities:US:Chase:Slate                       -41.59 USD
  Expenses:Food:Restaurant                          41.59 USD

2019-05-17 * "Cafe Select" "" #trip-new-york-2019
  Liabilities:US:Chase:Slate                       -34.36 USD
  Expenses:Food:Restaurant                          34.36 USD

2019-05-17 * "Takahachi" "" #trip-new-york-2019
  Liabilities:US:Chase:Slate                       -49.50 USD
  Expenses:Food:Restaurant                          49.50 USD

2019-05-17 * "Laut" "" #trip-new-york-2019
  Liabilities:US:Chase:Slate                       -29.85 USD
  Expenses:Food:Restaurant                          29.85 USD

2019-05-18 * "Uncle Boons" "" #trip-new-york-2019
  Liabilities:US:Chase:Slate                       -33.98 USD
  Expenses:Food:Restaurant                          33.98 USD

2019-05-18 * "Cafe Select" "" #trip-new-york-2019
  Liabilities:US:Chase:Slate                       -28.51 USD
  Expenses:Food:Restaurant                          28.51 USD

2019-05-18 * "La Colombe" "" #trip-new-york-2019
  Liabilities:US:Chase:Slate                        -7.45 USD
  Expenses:Food:Coffee                               7.45 USD

2019-05-19 * "Uncle Boons" "" #trip-new-york-2019
  Liabilities:US:Chase:Slate                       -38.83 USD
  Expenses:Food:Restaurant                          38.83 USD

2019-05-19 * "Takahachi" "" #trip-new-york-2019
  Liabilities:US:Chase:Slate                       -51.01 USD
  Expenses:Food:Restaurant                          51.01 USD

2019-05-19 * "Laut" "" #trip-new-york-2019
  Liabilities:US:Chase:Slate                       -34.79 USD
  Expenses:Food:Restaurant                          34.79 USD

2019-05-20 * "Uncle Boons" "" #trip-new-york-2019
  Liabilities:US:Chase:Slate                       -35.23 USD
  Expenses:Food:Restaurant                          35.23 USD

2019-05-21 * "Takahachi" "" #trip-new-york-2019
  Liabilities:US:Chase:Slate                       -49.60 USD
  Expenses:Food:Restaurant                          49.60 USD

2019-05-22 * "Uncle Boons" "" #trip-new-york-2019
  Liabilities:US:Chase:Slate                       -45.33 USD
  Expenses:Food:Restaurant                          45.33 USD

2019-05-22 * "Takahachi" "" #trip-new-york-2019
  Liabilities:US:Chase:Slate                       -46.53 USD
  Expenses:Food:Restaurant                          46.53 USD

2019-05-22 * "Gimme! Coffee" "" #trip-new-york-2019
  Liabilities:US:Chase:Slate                        -6.51 USD
  Expenses:Food:Coffee                               6.51 USD

2019-05-23 * "Cafe Select" "" #trip-new-york-2019
  Liabilities:US:Chase:Slate                       -34.08 USD
  Expenses:Food:Restaurant                          34.08 USD

2019-05-23 * "Takahachi" "" #trip-new-york-2019
  Liabilities:US:Chase:Slate                       -39.80 USD
  Expenses:Food:Restaurant                          39.80 USD

2019-05-24 * "Uncle Boons" "" #trip-new-york-2019
  Liabilities:US:Chase:Slate                       -42.93 USD
  Expenses:Food:Restaurant                          42.93 USD

2019-05-24 * "Gimme! Coffee" "" #trip-new-york-2019
  Liabilities:US:Chase:Slate                        -7.65 USD
  Expenses:Food:Coffee                               7.65 USD

2019-05-25 * "Cafe Select" "" #trip-new-york-2019
  Liabilities:US:Chase:Slate                       -31.81 USD
  Expenses:Food:Restaurant                          31.81 USD

2019-05-26 * "Cafe Select" "" #trip-new-york-2019
  Liabilities:US:Chase:Slate                       -30.79 USD
  Expenses:Food:Restaurant                          30.79 USD

2019-05-26 * "Takahachi" "" #trip-new-york-2019
  Liabilities:US:Chase:Slate                       -53.71 USD
  Expenses:Food:Restaurant                          53.71 USD

2019-05-26 * "La Colombe" "" #trip-new-york-2019
  Liabilities:US:Chase:Slate                        -4.97 USD
  Expenses:Food:Coffee                               4.97 USD

2019-05-26 * "Consume vacation days"
  Assets:US:Hooli:Vacation                           -176 VACHR
  Expenses:Vacation                                   176 VACHR

2019-05-26 event "location" "New Metropolis"

2019-05-28 balance Liabilities:US:Chase:Slate    -1648.24 USD

2019-05-30 * "Cafe Modagor" "Eating out with Natasha"
  Liabilities:US:Chase:Slate                       -32.77 USD
  Expenses:Food:Restaurant                          32.77 USD

2019-05-30 * "Metro Transport Authority" "Tram tickets"
  Liabilities:US:Chase:Slate                      -120.00 USD
  Expenses:Transport:Tram                          120.00 USD

2019-06-03 * "Cafe Modagor" "Eating out with Joe"
  Liabilities:US:Chase:Slate                       -33.53 USD
  Expenses:Food:Restaurant                          33.53 USD

2019-06-05 * "Onion Market" "Buying groceries"
  Liabilities:US:Chase:Slate                       -61.08 USD
  Expenses:Food:Groceries                           61.08 USD

2019-06-08 * "Chichipotle" "Eating out with Joe"
  Liabilities:US:Chase:Slate                       -56.77 USD
  Expenses:Food:Restaurant                          56.77 USD

2019-06-09 * "Goba Goba" "Eating out "
  Liabilities:US:Chase:Slate                       -17.11 USD
  Expenses:Food:Restaurant                          17.11 USD

2019-06-09 * "Chase:Slate" "Paying off credit card"
  Liabilities:US:Chase:Slate                       288.49 USD
  Assets:US:BofA:Checking                         -288.49 USD

2019-06-14 * "Goba Goba" "Eating out alone"
  Liabilities:US:Chase:Slate                       -43.70 USD
  Expenses:Food:Restaurant                          43.70 USD

2019-06-19 * "Rose Flower" "Eating out with Bill"
  Liabilities:US:Chase:Slate                       -28.38 USD
  Expenses:Food:Restaurant                          28.38 USD

2019-06-20 * "Uncle Boons" "Eating out with Joe"
  Liabilities:US:Chase:Slate                       -49.84 USD
  Expenses:Food:Restaurant                          49.84 USD

2019-06-22 balance Liabilities:US:Chase:Slate    -1802.93 USD

2019-06-23 * "Onion Market" "Buying groceries"
  Liabilities:US:Chase:Slate                      -103.65 USD
  Expenses:Food:Groceries                          103.65 USD

2019-06-25 * "Chichipotle" "Eating out with Bill"
  Liabilities:US:Chase:Slate                       -32.29 USD
  Expenses:Food:Restaurant                          32.29 USD

2019-06-28 * "Metro Transport Authority" "Tram tickets"
  Liabilities:US:Chase:Slate                      -120.00 USD
  Expenses:Transport:Tram                          120.00 USD

2019-06-29 * "Cafe Modagor" "Eating out with Bill"
  Liabilities:US:Chase:Slate                       -38.28 USD
  Expenses:Food:Restaurant                          38.28 USD

2019-07-02 * "Uncle Boons" "Eating out "
  Liabilities:US:Chase:Slate                       -29.20 USD
  Expenses:Food:Restaurant                          29.20 USD

2019-07-03 * "Kin Soy" "Eating out with Joe"
  Liabilities:US:Chase:Slate                       -27.77 USD
  Expenses:Food:Restaurant                          27.77 USD

2019-07-07 * "Goba Goba" "Eating out alone"
  Liabilities:US:Chase:Slate                       -21.29 USD
  Expenses:Food:Restaurant                          21.29 USD

2019-07-09 * "Corner Deli" "Buying groceries"
  Liabilities:US:Chase:Slate                       -93.02 USD
  Expenses:Food:Groceries                           93.02 USD

2019-07-11 * "Uncle Boons" "Eating out "
  Liabilities:US:Chase:Slate                       -32.10 USD
  Expenses:Food:Restaurant                          32.10 USD

2019-07-11 * "Chase:Slate" "Paying off credit card"
  Liabilities:US:Chase:Slate                       619.52 USD
  Assets:US:BofA:Checking                         -619.52 USD

2019-07-14 balance Liabilities:US:Chase:Slate    -1681.01 USD

2019-07-14 * "Uncle Boons" "Eating out with work buddies"
  Liabilities:US:Chase:Slate                       -28.42 USD
  Expenses:Food:Restaurant                          28.42 USD

2019-07-15 * "Jewel of Morroco" "Eating out alone"
  Liabilities:US:Chase:Slate                       -24.67 USD
  Expenses:Food:Restaurant                          24.67 USD

2019-07-17 * "Chichipotle" "Eating out with Julie"
  Liabilities:US:Chase:Slate                       -17.78 USD
  Expenses:Food:Restaurant                          17.78 USD

2019-07-19 * "Rose Flower" "Eating out with Julie"
  Liabilities:US:Chase:Slate                       -21.81 USD
  Expenses:Food:Restaurant                          21.81 USD

2019-07-22 * "Rose Flower" "Eating out after work"
  Liabilities:US:Chase:Slate                       -17.06 USD
  Expenses:Food:Restaurant                          17.06 USD

2019-07-23 * "Rose Flower" "Eating out alone"
  Liabilities:US:Chase:Slate                       -14.55 USD
  Expenses:Food:Restaurant                          14.55 USD

2019-07-25 * "China Garden" "Eating out with Julie"
  Liabilities:US:Chase:Slate                       -25.45 USD
  Expenses:Food:Restaurant                          25.45 USD

2019-07-26 * "Farmer Fresh" "Buying groceries"
  Liabilities:US:Chase:Slate                      -109.34 USD
  Expenses:Food:Groceries                          109.34 USD

2019-07-28 * "China Garden" "Eating out with Bill"
  Liabilities:US:Chase:Slate                       -22.53 USD
  Expenses:Food:Restaurant                          22.53 USD

2019-07-29 * "Metro Transport Authority" "Tram tickets"
  Liabilities:US:Chase:Slate                      -120.00 USD
  Expenses:Transport:Tram                          120.00 USD

2019-07-30 * "Kin Soy" "Eating out with Julie"
  Liabilities:US:Chase:Slate                       -42.23 USD
  Expenses:Food:Restaurant                          42.23 USD

2019-08-03 * "China Garden" "Eating out with Julie"
  Liabilities:US:Chase:Slate                       -22.34 USD
  Expenses:Food:Restaurant                          22.34 USD

2019-08-04 * "Good Moods Market" "Buying groceries"
  Liabilities:US:Chase:Slate                       -51.68 USD
  Expenses:Food:Groceries                           51.68 USD

2019-08-05 * "China Garden" "Eating out with Julie"
  Liabilities:US:Chase:Slate                       -33.35 USD
  Expenses:Food:Restaurant                          33.35 USD

2019-08-09 balance Liabilities:US:Chase:Slate    -2232.22 USD

2019-08-10 * "Rose Flower" "Eating out with Bill"
  Liabilities:US:Chase:Slate                       -31.38 USD
  Expenses:Food:Restaurant                          31.38 USD

2019-08-11 * "Cafe Modagor" "Eating out alone"
  Liabilities:US:Chase:Slate                       -35.43 USD
  Expenses:Food:Restaurant                          35.43 USD

2019-08-11 * "Chase:Slate" "Paying off credit card"
  Liabilities:US:Chase:Slate                       618.02 USD
  Assets:US:BofA:Checking                         -618.02 USD

2019-08-13 * "Onion Market" "Buying groceries"
  Liabilities:US:Chase:Slate                       -83.27 USD
  Expenses:Food:Groceries                           83.27 USD

2019-08-15 * "Rose Flower" "Eating out with work buddies"
  Liabilities:US:Chase:Slate                       -33.80 USD
  Expenses:Food:Restaurant                          33.80 USD

2019-08-16 * "Jewel of Morroco" "Eating out with Natasha"
  Liabilities:US:Chase:Slate                       -15.93 USD
  Expenses:Food:Restaurant                          15.93 USD

2019-08-18 * "Farmer Fresh" "Buying groceries"
  Liabilities:US:Chase:Slate                       -71.05 USD
  Expenses:Food:Groceries                           71.05 USD

2019-08-20 * "Jewel of Morroco" "Eating out with Natasha"
  Liabilities:US:Chase:Slate                       -52.63 USD
  Expenses:Food:Restaurant                          52.63 USD

2019-08-24 * "Rose Flower" "Eating out alone"
  Liabilities:US:Chase:Slate                       -23.55 USD
  Expenses:Food:Restaurant                          23.55 USD

2019-08-26 * "Metro Transport Authority" "Tram tickets"
  Liabilities:US:Chase:Slate                      -120.00 USD
  Expenses:Transport:Tram                          120.00 USD

2019-08-27 * "Good Moods Market" "Buying groceries"
  Liabilities:US:Chase:Slate                       -85.82 USD
  Expenses:Food:Groceries                           85.82 USD

2019-08-29 * "China Garden" "Eating out with Bill"
  Liabilities:US:Chase:Slate                       -32.27 USD
  Expenses:Food:Restaurant                          32.27 USD

2019-09-03 balance Liabilities:US:Chase:Slate    -2199.33 USD

2019-09-03 * "Rose Flower" "Eating out with Natasha"
  Liabilities:US:Chase:Slate                       -22.08 USD
  Expenses:Food:Restaurant                          22.08 USD

2019-09-08 * "Rose Flower" "Eating out after work"
  Liabilities:US:Chase:Slate                       -42.74 USD
  Expenses:Food:Restaurant                          42.74 USD

2019-09-08 * "Onion Market" "Buying groceries"
  Liabilities:US:Chase:Slate                       -70.02 USD
  Expenses:Food:Groceries                           70.02 USD

2019-09-08 * "Chase:Slate" "Paying off credit card"
  Liabilities:US:Chase:Slate                       583.14 USD
  Assets:US:BofA:Checking                         -583.14 USD

2019-09-11 * "Goba Goba" "Eating out with work buddies"
  Liabilities:US:Chase:Slate                       -31.03 USD
  Expenses:Food:Restaurant                          31.03 USD

2019-09-12 * "Rose Flower" "Eating out alone"
  Liabilities:US:Chase:Slate                       -16.13 USD
  Expenses:Food:Restaurant                          16.13 USD

2019-09-16 * "Chichipotle" "Eating out with Bill"
  Liabilities:US:Chase:Slate                       -22.14 USD
  Expenses:Food:Restaurant                          22.14 USD

2019-09-17 * "Good Moods Market" "Buying groceries"
  Liabilities:US:Chase:Slate                      -102.56 USD
  Expenses:Food:Groceries                          102.56 USD

2019-09-18 * "Goba Goba" "Eating out with work buddies"
  Liabilities:US:Chase:Slate                       -47.47 USD
  Expenses:Food:Restaurant                          47.47 USD

2019-09-20 * "Rose Flower" "Eating out alone"
  Liabilities:US:Chase:Slate                       -36.43 USD
  Expenses:Food:Restaurant                          36.43 USD

2019-09-22 * "Jewel of Morroco" "Eating out with Julie"
  Liabilities:US:Chase:Slate                       -27.79 USD
  Expenses:Food:Restaurant                          27.79 USD

2019-09-23 * "Corner Deli" "Buying groceries"
  Liabilities:US:Chase:Slate                       -62.84 USD
  Expenses:Food:Groceries                           62.84 USD

2019-09-24 balance Liabilities:US:Chase:Slate    -2097.42 USD

2019-09-25 * "China Garden" "Eating out "
  Liabilities:US:Chase:Slate                       -61.37 USD
  Expenses:Food:Restaurant                          61.37 USD

2019-09-25 * "Metro Transport Authority" "Tram tickets"
  Liabilities:US:Chase:Slate                      -120.00 USD
  Expenses:Transport:Tram                          120.00 USD

2019-09-28 * "Chichipotle" "Eating out with Bill"
  Liabilities:US:Chase:Slate                       -40.13 USD
  Expenses:Food:Restaurant                          40.13 USD

2019-10-02 * "China Garden" "Eating out with Bill"
  Liabilities:US:Chase:Slate                       -26.45 USD
  Expenses:Food:Restaurant                          26.45 USD

2019-10-06 * "Kin Soy" "Eating out with Bill"
  Liabilities:US:Chase:Slate                       -23.58 USD
  Expenses:Food:Restaurant                          23.58 USD

2019-10-07 * "Goba Goba" "Eating out alone"
  Liabilities:US:Chase:Slate                       -42.71 USD
  Expenses:Food:Restaurant                          42.71 USD

2019-10-07 * "Corner Deli" "Buying groceries"
  Liabilities:US:Chase:Slate                       -78.67 USD
  Expenses:Food:Groceries                           78.67 USD

2019-10-07 * "Chase:Slate" "Paying off credit card"
  Liabilities:US:Chase:Slate                       730.65 USD
  Assets:US:BofA:Checking                         -730.65 USD

2019-10-10 * "Cafe Modagor" "Eating out with Natasha"
  Liabilities:US:Chase:Slate                       -69.64 USD
  Expenses:Food:Restaurant                          69.64 USD

2019-10-11 * "Goba Goba" "Eating out alone"
  Liabilities:US:Chase:Slate                       -77.72 USD
  Expenses:Food:Restaurant                          77.72 USD

2019-10-14 * "Kin Soy" "Eating out after work"
  Liabilities:US:Chase:Slate                       -15.63 USD
  Expenses:Food:Restaurant                          15.63 USD

2019-10-18 balance Liabilities:US:Chase:Slate    -1922.67 USD

2019-10-18 * "China Garden" "Eating out with Natasha"
  Liabilities:US:Chase:Slate                       -23.82 USD
  Expenses:Food:Restaurant                          23.82 USD

2019-10-20 * "Cafe Modagor" "Eating out with work buddies"
  Liabilities:US:Chase:Slate                       -14.25 USD
  Expenses:Food:Restaurant                          14.25 USD

2019-10-22 * "Jewel of Morroco" "Eating out alone"
  Liabilities:US:Chase:Slate                       -21.16 USD
  Expenses:Food:Restaurant                          21.16 USD

2019-10-23 * "Cafe Modagor" "Eating out with Julie"
  Liabilities:US:Chase:Slate                       -22.46 USD
  Expenses:Food:Restaurant                          22.46 USD

2019-10-24 * "China Garden" "Eating out with Bill"
  Liabilities:US:Chase:Slate                       -31.94 USD
  Expenses:Food:Restaurant                          31.94 USD

2019-10-25 * "Onion Market" "Buying groceries"
  Liabilities:US:Chase:Slate                       -71.09 USD
  Expenses:Food:Groceries                           71.09 USD

2019-10-26 * "Jewel of Morroco" "Eating out with Bill"
  Liabilities:US:Chase:Slate                       -14.35 USD
  Expenses:Food:Restaurant                          14.35 USD

2019-10-26 * "Metro Transport Authority" "Tram tickets"
  Liabilities:US:Chase:Slate                      -120.00 USD
  Expenses:Transport:Tram                          120.00 USD

2019-10-30 * "Jewel of Morroco" "Eating out with work buddies"
  Liabilities:US:Chase:Slate                       -27.78 USD
  Expenses:Food:Restaurant                          27.78 USD

2019-11-04 * "Rose Flower" "Eating out with Bill"
  Liabilities:US:Chase:Slate                       -16.49 USD
  Expenses:Food:Restaurant                          16.49 USD

2019-11-08 * "Uncle Boons" "Eating out alone"
  Liabilities:US:Chase:Slate                       -23.11 USD
  Expenses:Food:Restaurant                          23.11 USD

2019-11-10 * "Chichipotle" "Eating out with work buddies"
  Liabilities:US:Chase:Slate                       -32.38 USD
  Expenses:Food:Restaurant                          32.38 USD

2019-11-10 * "Farmer Fresh" "Buying groceries"
  Liabilities:US:Chase:Slate                       -81.46 USD
  Expenses:Food:Groceries                           81.46 USD

2019-11-11 * "Chase:Slate" "Paying off credit card"
  Liabilities:US:Chase:Slate                       820.30 USD
  Assets:US:BofA:Checking                         -820.30 USD

2019-11-13 balance Liabilities:US:Chase:Slate    -1602.66 USD

2019-11-13 * "Jewel of Morroco" "Eating out with work buddies"
  Liabilities:US:Chase:Slate                       -78.35 USD
  Expenses:Food:Restaurant                          78.35 USD

2019-11-16 * "China Garden" "Eating out with work buddies"
  Liabilities:US:Chase:Slate                       -10.54 USD
  Expenses:Food:Restaurant                          10.54 USD

2019-11-20 * "Jewel of Morroco" "Eating out with Bill"
  Liabilities:US:Chase:Slate                       -26.83 USD
  Expenses:Food:Restaurant                          26.83 USD

2019-11-22 * "Goba Goba" "Eating out with work buddies"
  Liabilities:US:Chase:Slate                       -23.17 USD
  Expenses:Food:Restaurant                          23.17 USD

2019-11-24 * "Corner Deli" "Buying groceries"
  Liabilities:US:Chase:Slate                       -51.54 USD
  Expenses:Food:Groceries                           51.54 USD

2019-11-26 * "Chichipotle" "Eating out with Joe"
  Liabilities:US:Chase:Slate                       -53.82 USD
  Expenses:Food:Restaurant                          53.82 USD

2019-11-26 * "Metro Transport Authority" "Tram tickets"
  Liabilities:US:Chase:Slate                      -120.00 USD
  Expenses:Transport:Tram                          120.00 USD

2019-11-27 * "Cafe Modagor" "Eating out with Julie"
  Liabilities:US:Chase:Slate                       -14.71 USD
  Expenses:Food:Restaurant                          14.71 USD

2019-11-30 * "Jewel of Morroco" "Eating out with Julie"
  Liabilities:US:Chase:Slate                       -43.58 USD
  Expenses:Food:Restaurant                          43.58 USD

2019-12-04 * "Rose Flower" "Eating out "
  Liabilities:US:Chase:Slate                       -16.66 USD
  Expenses:Food:Restaurant                          16.66 USD

2019-12-06 * "Chichipotle" "Eating out alone"
  Liabilities:US:Chase:Slate                       -29.25 USD
  Expenses:Food:Restaurant                          29.25 USD

2019-12-09 * "China Garden" "Eating out with Julie"
  Liabilities:US:Chase:Slate                       -28.66 USD
  Expenses:Food:Restaurant                          28.66 USD

2019-12-10 balance Liabilities:US:Chase:Slate    -2099.77 USD

2019-12-10 * "Chase:Slate" "Paying off credit card"
  Liabilities:US:Chase:Slate                       454.16 USD
  Assets:US:BofA:Checking                         -454.16 USD

2019-12-11 * "Cafe Modagor" "Eating out "
  Liabilities:US:Chase:Slate                       -35.40 USD
  Expenses:Food:Restaurant                          35.40 USD

2019-12-13 * "Goba Goba" "Eating out with Bill"
  Liabilities:US:Chase:Slate                       -10.55 USD
  Expenses:Food:Restaurant                          10.55 USD

2019-12-13 * "Corner Deli" "Buying groceries"
  Liabilities:US:Chase:Slate                       -89.81 USD
  Expenses:Food:Groceries                           89.81 USD

2019-12-17 * "Cafe Modagor" "Eating out with Bill"
  Liabilities:US:Chase:Slate                       -27.70 USD
  Expenses:Food:Restaurant                          27.70 USD

2019-12-21 * "Goba Goba" "Eating out with Joe"
  Liabilities:US:Chase:Slate                       -35.34 USD
  Expenses:Food:Restaurant                          35.34 USD

2019-12-21 * "Onion Market" "Buying groceries"
  Liabilities:US:Chase:Slate                       -76.22 USD
  Expenses:Food:Groceries                           76.22 USD

2019-12-22 * "Cafe Modagor" "Eating out after work"
  Liabilities:US:Chase:Slate                       -26.95 USD
  Expenses:Food:Restaurant                          26.95 USD

2019-12-23 * "Metro Transport Authority" "Tram tickets"
  Liabilities:US:Chase:Slate                      -120.00 USD
  Expenses:Transport:Tram                          120.00 USD

2019-12-26 * "Goba Goba" "Eating out with Natasha"
  Liabilities:US:Chase:Slate                       -17.11 USD
  Expenses:Food:Restaurant                          17.11 USD

2019-12-27 * "Jewel of Morroco" "Eating out after work"
  Liabilities:US:Chase:Slate                       -38.20 USD
  Expenses:Food:Restaurant                          38.20 USD

2019-12-30 * "Corner Deli" "Buying groceries"
  Liabilities:US:Chase:Slate                       -68.53 USD
  Expenses:Food:Groceries                           68.53 USD

2020-01-01 * "Rose Flower" "Eating out after work"
  Liabilities:US:Chase:Slate                       -47.83 USD
  Expenses:Food:Restaurant                          47.83 USD

2020-01-02 * "Uncle Boons" "Eating out with Bill"
  Liabilities:US:Chase:Slate                       -16.22 USD
  Expenses:Food:Restaurant                          16.22 USD

2020-01-07 * "Jewel of Morroco" "Eating out with Julie"
  Liabilities:US:Chase:Slate                       -32.73 USD
  Expenses:Food:Restaurant                          32.73 USD

2020-01-08 * "Chase:Slate" "Paying off credit card"
  Liabilities:US:Chase:Slate                       675.49 USD
  Assets:US:BofA:Checking                         -675.49 USD

2020-01-09 balance Liabilities:US:Chase:Slate    -1612.71 USD

2020-01-09 * "Goba Goba" "Eating out "
  Liabilities:US:Chase:Slate                       -68.30 USD
  Expenses:Food:Restaurant                          68.30 USD

2020-01-10 * "Farmer Fresh" "Buying groceries"
  Liabilities:US:Chase:Slate                       -63.29 USD
  Expenses:Food:Groceries                           63.29 USD

2020-01-13 * "Jewel of Morroco" "Eating out with work buddies"
  Liabilities:US:Chase:Slate                       -24.42 USD
  Expenses:Food:Restaurant                          24.42 USD

2020-01-16 * "Uncle Boons" "Eating out with Natasha"
  Liabilities:US:Chase:Slate                       -10.77 USD
  Expenses:Food:Restaurant                          10.77 USD

2020-01-21 * "Chichipotle" "Eating out with Natasha"
  Liabilities:US:Chase:Slate                       -24.94 USD
  Expenses:Food:Restaurant                          24.94 USD

2020-01-23 * "Metro Transport Authority" "Tram tickets"
  Liabilities:US:Chase:Slate                      -120.00 USD
  Expenses:Transport:Tram                          120.00 USD

2020-01-25 * "Chichipotle" "Eating out with Julie"
  Liabilities:US:Chase:Slate                       -24.76 USD
  Expenses:Food:Restaurant                          24.76 USD

2020-01-29 * "Goba Goba" "Eating out after work"
  Liabilities:US:Chase:Slate                       -13.61 USD
  Expenses:Food:Restaurant                          13.61 USD

2020-01-30 * "Good Moods Market" "Buying groceries"
  Liabilities:US:Chase:Slate                      -114.65 USD
  Expenses:Food:Groceries                          114.65 USD

2020-02-02 * "Chichipotle" "Eating out after work"
  Liabilities:US:Chase:Slate                       -17.73 USD
  Expenses:Food:Restaurant                          17.73 USD

2020-02-04 * "Jewel of Morroco" "Eating out with work buddies"
  Liabilities:US:Chase:Slate                       -37.34 USD
  Expenses:Food:Restaurant                          37.34 USD

2020-02-07 balance Liabilities:US:Chase:Slate    -2132.52 USD

2020-02-09 * "Goba Goba" "Eating out with Bill"
  Liabilities:US:Chase:Slate                       -42.75 USD
  Expenses:Food:Restaurant                          42.75 USD

2020-02-11 event "location" "San Francisco"

2020-02-11 * "Chase:Slate" "Paying off credit card"
  Liabilities:US:Chase:Slate                       515.10 USD
  Assets:US:BofA:Checking                         -515.10 USD

2020-02-12 * "Bar Crudo" "" #trip-san-francisco-2020
  Liabilities:US:Chase:Slate                       -73.92 USD
  Expenses:Food:Restaurant                          73.92 USD

2020-02-12 * "Pizza Delfina" "" #trip-san-francisco-2020
  Liabilities:US:Chase:Slate                       -19.61 USD
  Expenses:Food:Restaurant                          19.61 USD

2020-02-12 * "Waterbar" "" #trip-san-francisco-2020
  Liabilities:US:Chase:Slate                       -51.48 USD
  Expenses:Food:Restaurant                          51.48 USD

2020-02-12 * "Mission Chinese Food" "" #trip-san-francisco-2020
  Liabilities:US:Chase:Slate                       -24.65 USD
  Expenses:Food:Restaurant                          24.65 USD

2020-02-12 * "Starbucks" "" #trip-san-francisco-2020
  Liabilities:US:Chase:Slate                        -5.99 USD
  Expenses:Food:Coffee                               5.99 USD

2020-02-13 * "Bar Crudo" "" #trip-san-francisco-2020
  Liabilities:US:Chase:Slate                       -66.92 USD
  Expenses:Food:Restaurant                          66.92 USD

2020-02-13 * "Pizza Delfina" "" #trip-san-francisco-2020
  Liabilities:US:Chase:Slate                       -21.29 USD
  Expenses:Food:Restaurant                          21.29 USD

2020-02-13 * "Waterbar" "" #trip-san-francisco-2020
  Liabilities:US:Chase:Slate                       -60.33 USD
  Expenses:Food:Restaurant                          60.33 USD

2020-02-13 * "Starbucks" "" #trip-san-francisco-2020
  Liabilities:US:Chase:Slate                        -4.75 USD
  Expenses:Food:Coffee                               4.75 USD

2020-02-14 * "Waterbar" "" #trip-san-francisco-2020
  Liabilities:US:Chase:Slate                       -52.84 USD
  Expenses:Food:Restaurant                          52.84 USD

2020-02-15 * "Bar Crudo" "" #trip-san-francisco-2020
  Liabilities:US:Chase:Slate                       -64.21 USD
  Expenses:Food:Restaurant                          64.21 USD

2020-02-15 * "Pizza Delfina" "" #trip-san-francisco-2020
  Liabilities:US:Chase:Slate                       -18.07 USD
  Expenses:Food:Restaurant                          18.07 USD

2020-02-15 * "Mission Chinese Food" "" #trip-san-francisco-2020
  Liabilities:US:Chase:Slate                       -28.73 USD
  Expenses:Food:Restaurant                          28.73 USD

2020-02-15 * "Starbucks" "" #trip-san-francisco-2020
  Liabilities:US:Chase:Slate                        -7.32 USD
  Expenses:Food:Coffee                               7.32 USD

2020-02-17 * "Starbucks" "" #trip-san-francisco-2020
  Liabilities:US:Chase:Slate                        -4.96 USD
  Expenses:Food:Coffee                               4.96 USD

2020-02-18 * "Mission Chinese Food" "" #trip-san-francisco-2020
  Liabilities:US:Chase:Slate                       -23.88 USD
  Expenses:Food:Restaurant                          23.88 USD

2020-02-19 * "Bar Crudo" "" #trip-san-francisco-2020
  Liabilities:US:Chase:Slate                       -55.91 USD
  Expenses:Food:Restaurant                          55.91 USD

2020-02-21 * "Bar Crudo" "" #trip-san-francisco-2020
  Liabilities:US:Chase:Slate                       -69.56 USD
  Expenses:Food:Restaurant                          69.56 USD

2020-02-21 * "Waterbar" "" #trip-san-francisco-2020
  Liabilities:US:Chase:Slate                       -61.84 USD
  Expenses:Food:Restaurant                          61.84 USD

2020-02-22 * "Mission Chinese Food" "" #trip-san-francisco-2020
  Liabilities:US:Chase:Slate                       -27.51 USD
  Expenses:Food:Restaurant                          27.51 USD

2020-02-23 * "Bar Crudo" "" #trip-san-francisco-2020
  Liabilities:US:Chase:Slate                       -58.54 USD
  Expenses:Food:Restaurant                          58.54 USD

2020-02-23 * "Pizza Delfina" "" #trip-san-francisco-2020
  Liabilities:US:Chase:Slate                       -17.91 USD
  Expenses:Food:Restaurant                          17.91 USD

2020-02-25 * "Pizza Delfina" "" #trip-san-francisco-2020
  Liabilities:US:Chase:Slate                       -18.63 USD
  Expenses:Food:Restaurant                          18.63 USD

2020-02-25 * "Consume vacation days"
  Assets:US:Hooli:Vacation                           -112 VACHR
  Expenses:Vacation                                   112 VACHR

2020-02-25 event "location" "New Metropolis"

2020-02-27 * "Cafe Modagor" "Eating out with Bill"
  Liabilities:US:Chase:Slate                       -20.84 USD
  Expenses:Food:Restaurant                          20.84 USD

2020-02-28 * "Jewel of Morroco" "Eating out with Julie"
  Liabilities:US:Chase:Slate                       -41.36 USD
  Expenses:Food:Restaurant                          41.36 USD

2020-03-01 balance Liabilities:US:Chase:Slate    -2561.22 USD

2020-03-04 * "Goba Goba" "Eating out with work buddies"
  Liabilities:US:Chase:Slate                       -18.82 USD
  Expenses:Food:Restaurant                          18.82 USD

2020-03-07 * "Uncle Boons" "Eating out with Natasha"
  Liabilities:US:Chase:Slate                       -15.66 USD
  Expenses:Food:Restaurant                          15.66 USD

2020-03-10 * "Farmer Fresh" "Buying groceries"
  Liabilities:US:Chase:Slate                       -87.76 USD
  Expenses:Food:Groceries                           87.76 USD

2020-03-10 * "Chase:Slate" "Paying off credit card"
  Liabilities:US:Chase:Slate                       163.60 USD
  Assets:US:BofA:Checking                         -163.60 USD

2020-03-12 * "Kin Soy" "Eating out with work buddies"
  Liabilities:US:Chase:Slate                       -28.06 USD
  Expenses:Food:Restaurant                          28.06 USD

2020-03-13 * "China Garden" "Eating out with work buddies"
  Liabilities:US:Chase:Slate                       -27.28 USD
  Expenses:Food:Restaurant                          27.28 USD

2020-03-16 * "China Garden" "Eating out "
  Liabilities:US:Chase:Slate                       -36.56 USD
  Expenses:Food:Restaurant                          36.56 USD

2020-03-17 * "Kin Soy" "Eating out with Natasha"
  Liabilities:US:Chase:Slate                       -37.78 USD
  Expenses:Food:Restaurant                          37.78 USD

2020-03-20 * "Metro Transport Authority" "Tram tickets"
  Liabilities:US:Chase:Slate                      -120.00 USD
  Expenses:Transport:Tram                          120.00 USD

2020-03-21 * "Cafe Modagor" "Eating out "
  Liabilities:US:Chase:Slate                       -37.39 USD
  Expenses:Food:Restaurant                          37.39 USD

2020-03-22 * "Corner Deli" "Buying groceries"
  Liabilities:US:Chase:Slate                       -90.30 USD
  Expenses:Food:Groceries                           90.30 USD

2020-03-23 * "China Garden" "Eating out with Bill"
  Liabilities:US:Chase:Slate                       -32.12 USD
  Expenses:Food:Restaurant                          32.12 USD

2020-03-24 * "Chichipotle" "Eating out with work buddies"
  Liabilities:US:Chase:Slate                       -42.95 USD
  Expenses:Food:Restaurant                          42.95 USD

2020-03-25 balance Liabilities:US:Chase:Slate    -2972.30 USD

2020-03-26 * "Goba Goba" "Eating out with Julie"
  Liabilities:US:Chase:Slate                       -25.20 USD
  Expenses:Food:Restaurant                          25.20 USD

2020-03-31 * "Cafe Modagor" "Eating out with Julie"
  Liabilities:US:Chase:Slate                       -25.98 USD
  Expenses:Food:Restaurant                          25.98 USD

2020-04-03 * "Onion Market" "Buying groceries"
  Liabilities:US:Chase:Slate                      -115.86 USD
  Expenses:Food:Groceries                          115.86 USD

2020-04-05 * "China Garden" "Eating out after work"
  Liabilities:US:Chase:Slate                       -44.88 USD
  Expenses:Food:Restaurant                          44.88 USD

2020-04-07 * "Jewel of Morroco" "Eating out with Natasha"
  Liabilities:US:Chase:Slate                       -22.86 USD
  Expenses:Food:Restaurant                          22.86 USD

2020-04-08 * "Rose Flower" "Eating out after work"
  Liabilities:US:Chase:Slate                       -56.37 USD
  Expenses:Food:Restaurant                          56.37 USD

2020-04-08 * "Chase:Slate" "Paying off credit card"
  Liabilities:US:Chase:Slate                       743.59 USD
  Assets:US:BofA:Checking                         -743.59 USD

2020-04-11 * "Jewel of Morroco" "Eating out after work"
  Liabilities:US:Chase:Slate                       -26.57 USD
  Expenses:Food:Restaurant                          26.57 USD

2020-04-12 * "Goba Goba" "Eating out with Joe"
  Liabilities:US:Chase:Slate                       -37.55 USD
  Expenses:Food:Restaurant                          37.55 USD

2020-04-12 * "Farmer Fresh" "Buying groceries"
  Liabilities:US:Chase:Slate                       -76.53 USD
  Expenses:Food:Groceries                           76.53 USD

2020-04-13 * "Rose Flower" "Eating out after work"
  Liabilities:US:Chase:Slate                       -39.94 USD
  Expenses:Food:Restaurant                          39.94 USD

2020-04-15 * "Kin Soy" "Eating out with Bill"
  Liabilities:US:Chase:Slate                       -18.65 USD
  Expenses:Food:Restaurant                          18.65 USD

2020-04-17 * "Metro Transport Authority" "Tram tickets"
  Liabilities:US:Chase:Slate                      -120.00 USD
  Expenses:Transport:Tram                          120.00 USD

2020-04-18 balance Liabilities:US:Chase:Slate    -2839.10 USD

2020-04-18 * "Rose Flower" "Eating out with Bill"
  Liabilities:US:Chase:Slate                       -52.49 USD
  Expenses:Food:Restaurant                          52.49 USD

2020-04-21 * "China Garden" "Eating out after work"
  Liabilities:US:Chase:Slate                       -20.15 USD
  Expenses:Food:Restaurant                          20.15 USD

2020-04-22 * "Farmer Fresh" "Buying groceries"
  Liabilities:US:Chase:Slate                       -63.76 USD
  Expenses:Food:Groceries                           63.76 USD

2020-04-23 * "Goba Goba" "Eating out after work"
  Liabilities:US:Chase:Slate                       -25.05 USD
  Expenses:Food:Restaurant                          25.05 USD

2020-04-26 * "Goba Goba" "Eating out with Joe"
  Liabilities:US:Chase:Slate                       -23.11 USD
  Expenses:Food:Restaurant                          23.11 USD

2020-04-28 * "Corner Deli" "Buying groceries"
  Liabilities:US:Chase:Slate                       -56.50 USD
  Expenses:Food:Groceries                           56.50 USD

2020-05-01 * "Rose Flower" "Eating out with Julie"
  Liabilities:US:Chase:Slate                       -25.51 USD
  Expenses:Food:Restaurant                          25.51 USD

2020-05-03 * "Chichipotle" "Eating out with work buddies"
  Liabilities:US:Chase:Slate                       -35.16 USD
  Expenses:Food:Restaurant                          35.16 USD

2020-05-06 * "Jewel of Morroco" "Eating out with Julie"
  Liabilities:US:Chase:Slate                       -33.36 USD
  Expenses:Food:Restaurant                          33.36 USD

2020-05-07 * "Good Moods Market" "Buying groceries"
  Liabilities:US:Chase:Slate                       -54.50 USD
  Expenses:Food:Groceries                           54.50 USD

2020-05-09 * "Chase:Slate" "Paying off credit card"
  Liabilities:US:Chase:Slate                       729.43 USD
  Assets:US:BofA:Checking                         -729.43 USD

2020-05-11 balance Liabilities:US:Chase:Slate    -2499.26 USD

2020-05-11 * "China Garden" "Eating out after work"
  Liabilities:US:Chase:Slate                       -20.60 USD
  Expenses:Food:Restaurant                          20.60 USD

2020-05-14 * "Chichipotle" "Eating out with Bill"
  Liabilities:US:Chase:Slate                       -37.88 USD
  Expenses:Food:Restaurant                          37.88 USD

2020-05-15 * "Onion Market" "Buying groceries"
  Liabilities:US:Chase:Slate                       -73.77 USD
  Expenses:Food:Groceries                           73.77 USD

2020-05-19 * "Chichipotle" "Eating out after work"
  Liabilities:US:Chase:Slate                       -48.42 USD
  Expenses:Food:Restaurant                          48.42 USD

2020-05-20 * "Metro Transport Authority" "Tram tickets"
  Liabilities:US:Chase:Slate                      -120.00 USD
  Expenses:Transport:Tram                          120.00 USD

2020-05-24 * "Rose Flower" "Eating out with work buddies"
  Liabilities:US:Chase:Slate                       -58.61 USD
  Expenses:Food:Restaurant                          58.61 USD

2020-05-25 * "Cafe Modagor" "Eating out alone"
  Liabilities:US:Chase:Slate                       -29.53 USD
  Expenses:Food:Restaurant                          29.53 USD

2020-05-28 * "Rose Flower" "Eating out with Julie"
  Liabilities:US:Chase:Slate                       -41.22 USD
  Expenses:Food:Restaurant                          41.22 USD

2020-05-31 * "Goba Goba" "Eating out with Bill"
  Liabilities:US:Chase:Slate                       -28.37 USD
  Expenses:Food:Restaurant                          28.37 USD

2020-06-01 balance Liabilities:US:Chase:Slate    -2957.66 USD

2020-06-01 * "Corner Deli" "Buying groceries"
  Liabilities:US:Chase:Slate                       -71.09 USD
  Expenses:Food:Groceries                           71.09 USD

2020-06-04 * "Jewel of Morroco" "Eating out with Bill"
  Liabilities:US:Chase:Slate                       -37.39 USD
  Expenses:Food:Restaurant                          37.39 USD

2020-06-05 * "Cafe Modagor" "Eating out "
  Liabilities:US:Chase:Slate                       -20.16 USD
  Expenses:Food:Restaurant                          20.16 USD

2020-06-06 * "Good Moods Market" "Buying groceries"
  Liabilities:US:Chase:Slate                       -94.65 USD
  Expenses:Food:Groceries                           94.65 USD

2020-06-08 * "Cafe Modagor" "Eating out with Joe"
  Liabilities:US:Chase:Slate                       -30.74 USD
  Expenses:Food:Restaurant                          30.74 USD

2020-06-09 * "Goba Goba" "Eating out after work"
  Liabilities:US:Chase:Slate                       -35.13 USD
  Expenses:Food:Restaurant                          35.13 USD

2020-06-09 * "Chase:Slate" "Paying off credit card"
  Liabilities:US:Chase:Slate                       726.96 USD
  Assets:US:BofA:Checking                         -726.96 USD

2020-06-12 * "Kin Soy" "Eating out with Julie"
  Liabilities:US:Chase:Slate                       -35.74 USD
  Expenses:Food:Restaurant                          35.74 USD

2020-06-14 * "Farmer Fresh" "Buying groceries"
  Liabilities:US:Chase:Slate                       -78.80 USD
  Expenses:Food:Groceries                           78.80 USD

2020-06-15 * "Cafe Modagor" "Eating out "
  Liabilities:US:Chase:Slate                       -76.33 USD
  Expenses:Food:Restaurant                          76.33 USD

2020-06-17 * "Metro Transport Authority" "Tram tickets"
  Liabilities:US:Chase:Slate                      -120.00 USD
  Expenses:Transport:Tram                          120.00 USD

2020-06-20 * "Chichipotle" "Eating out "
  Liabilities:US:Chase:Slate                       -18.87 USD
  Expenses:Food:Restaurant                          18.87 USD

2020-06-25 * "Jewel of Morroco" "Eating out with Natasha"
  Liabilities:US:Chase:Slate                       -30.75 USD
  Expenses:Food:Restaurant                          30.75 USD

2020-06-27 * "Chichipotle" "Eating out with Julie"
  Liabilities:US:Chase:Slate                       -77.00 USD
  Expenses:Food:Restaurant                          77.00 USD

2020-06-29 balance Liabilities:US:Chase:Slate    -2957.35 USD

2020-06-30 * "Chichipotle" "Eating out with Natasha"
  Liabilities:US:Chase:Slate                       -61.59 USD
  Expenses:Food:Restaurant                          61.59 USD

2020-07-01 * "Goba Goba" "Eating out with Bill"
  Liabilities:US:Chase:Slate                       -33.90 USD
  Expenses:Food:Restaurant                          33.90 USD

2020-07-02 * "Cafe Modagor" "Eating out with Natasha"
  Liabilities:US:Chase:Slate                       -18.10 USD
  Expenses:Food:Restaurant                          18.10 USD

2020-07-02 * "Farmer Fresh" "Buying groceries"
  Liabilities:US:Chase:Slate                       -80.17 USD
  Expenses:Food:Groceries                           80.17 USD

2020-07-04 * "Chichipotle" "Eating out with Bill"
  Liabilities:US:Chase:Slate                       -30.75 USD
  Expenses:Food:Restaurant                          30.75 USD

2020-07-07 * "Farmer Fresh" "Buying groceries"
  Liabilities:US:Chase:Slate                       -84.77 USD
  Expenses:Food:Groceries                           84.77 USD

2020-07-08 * "China Garden" "Eating out after work"
  Liabilities:US:Chase:Slate                       -33.54 USD
  Expenses:Food:Restaurant                          33.54 USD

2020-07-09 * "Chase:Slate" "Paying off credit card"
  Liabilities:US:Chase:Slate                       798.27 USD
  Assets:US:BofA:Checking                         -798.27 USD

2020-07-10 * "Jewel of Morroco" "Eating out with work buddies"
  Liabilities:US:Chase:Slate                       -17.96 USD
  Expenses:Food:Restaurant                          17.96 USD

2020-07-11 * "Goba Goba" "Eating out with Joe"
  Liabilities:US:Chase:Slate                       -20.88 USD
  Expenses:Food:Restaurant                          20.88 USD

2020-07-14 * "Goba Goba" "Eating out with work buddies"
  Liabilities:US:Chase:Slate                       -39.72 USD
  Expenses:Food:Restaurant                          39.72 USD

2020-07-19 * "Cafe Modagor" "Eating out with Natasha"
  Liabilities:US:Chase:Slate                       -59.43 USD
  Expenses:Food:Restaurant                          59.43 USD

2020-07-20 * "Metro Transport Authority" "Tram tickets"
  Liabilities:US:Chase:Slate                      -120.00 USD
  Expenses:Transport:Tram                          120.00 USD

2020-07-24 * "Chichipotle" "Eating out alone"
  Liabilities:US:Chase:Slate                       -34.52 USD
  Expenses:Food:Restaurant                          34.52 USD

2020-07-25 * "Uncle Boons" "Eating out after work"
  Liabilities:US:Chase:Slate                       -73.99 USD
  Expenses:Food:Restaurant                          73.99 USD

2020-07-27 * "Uncle Boons" "Eating out with Joe"
  Liabilities:US:Chase:Slate                       -17.96 USD
  Expenses:Food:Restaurant                          17.96 USD

2020-07-27 * "Good Moods Market" "Buying groceries"
  Liabilities:US:Chase:Slate                       -82.61 USD
  Expenses:Food:Groceries                           82.61 USD

2020-07-28 balance Liabilities:US:Chase:Slate    -2968.97 USD

2020-07-28 * "Cafe Modagor" "Eating out with Joe"
  Liabilities:US:Chase:Slate                       -31.14 USD
  Expenses:Food:Restaurant                          31.14 USD

2020-07-31 * "Kin Soy" "Eating out alone"
  Liabilities:US:Chase:Slate                       -36.70 USD
  Expenses:Food:Restaurant                          36.70 USD

2020-08-02 * "Rose Flower" "Eating out with work buddies"
  Liabilities:US:Chase:Slate                       -40.29 USD
  Expenses:Food:Restaurant                          40.29 USD

2020-08-05 * "Chichipotle" "Eating out with Joe"
  Liabilities:US:Chase:Slate                       -24.26 USD
  Expenses:Food:Restaurant                          24.26 USD

2020-08-08 * "Chichipotle" "Eating out "
  Liabilities:US:Chase:Slate                       -24.06 USD
  Expenses:Food:Restaurant                          24.06 USD

2020-08-11 * "Chase:Slate" "Paying off credit card"
  Liabilities:US:Chase:Slate                       630.18 USD
  Assets:US:BofA:Checking                         -630.18 USD

2020-08-12 * "Chichipotle" "Eating out with Julie"
  Liabilities:US:Chase:Slate                       -24.62 USD
  Expenses:Food:Restaurant                          24.62 USD

2020-08-13 * "Corner Deli" "Buying groceries"
  Liabilities:US:Chase:Slate                       -93.43 USD
  Expenses:Food:Groceries                           93.43 USD

2020-08-15 * "Cafe Modagor" "Eating out alone"
  Liabilities:US:Chase:Slate                       -44.64 USD
  Expenses:Food:Restaurant                          44.64 USD

2020-08-17 * "Goba Goba" "Eating out with Joe"
  Liabilities:US:Chase:Slate                       -39.38 USD
  Expenses:Food:Restaurant                          39.38 USD

2020-08-19 * "Rose Flower" "Eating out with work buddies"
  Liabilities:US:Chase:Slate                       -10.36 USD
  Expenses:Food:Restaurant                          10.36 USD

2020-08-20 * "Corner Deli" "Buying groceries"
  Liabilities:US:Chase:Slate                       -87.24 USD
  Expenses:Food:Groceries                           87.24 USD

2020-08-21 balance Liabilities:US:Chase:Slate    -2794.91 USD

2020-08-21 * "Metro Transport Authority" "Tram tickets"
  Liabilities:US:Chase:Slate                      -120.00 USD
  Expenses:Transport:Tram                          120.00 USD

2020-08-23 * "Goba Goba" "Eating out with Natasha"
  Liabilities:US:Chase:Slate                       -36.74 USD
  Expenses:Food:Restaurant                          36.74 USD

2020-08-26 * "Jewel of Morroco" "Eating out with work buddies"
  Liabilities:US:Chase:Slate                       -41.54 USD
  Expenses:Food:Restaurant                          41.54 USD

2020-08-31 * "Cafe Modagor" "Eating out with Bill"
  Liabilities:US:Chase:Slate                       -56.93 USD
  Expenses:Food:Restaurant                          56.93 USD

2020-09-02 * "Cafe Modagor" "Eating out after work"
  Liabilities:US:Chase:Slate                       -22.75 USD
  Expenses:Food:Restaurant                          22.75 USD

2020-09-06 * "Chichipotle" "Eating out with Julie"
  Liabilities:US:Chase:Slate                       -20.98 USD
  Expenses:Food:Restaurant                          20.98 USD

2020-09-07 * "Chase:Slate" "Paying off credit card"
  Liabilities:US:Chase:Slate                       596.90 USD
  Assets:US:BofA:Checking                         -596.90 USD

2020-09-08 * "Cafe Modagor" "Eating out after work"
  Liabilities:US:Chase:Slate                       -22.91 USD
  Expenses:Food:Restaurant                          22.91 USD

2020-09-09 * "Rose Flower" "Eating out with Natasha"
  Liabilities:US:Chase:Slate                       -32.99 USD
  Expenses:Food:Restaurant                          32.99 USD

2020-09-09 * "Good Moods Market" "Buying groceries"
  Liabilities:US:Chase:Slate                       -62.60 USD
  Expenses:Food:Groceries                           62.60 USD

2020-09-10 balance Liabilities:US:Chase:Slate    -2615.45 USD

2020-09-10 * "Rose Flower" "Eating out "
  Liabilities:US:Chase:Slate                       -22.32 USD
  Expenses:Food:Restaurant                          22.32 USD

2020-09-14 * "Goba Goba" "Eating out with Joe"
  Liabilities:US:Chase:Slate                       -25.31 USD
  Expenses:Food:Restaurant                          25.31 USD

2020-09-19 * "Jewel of Morroco" "Eating out with work buddies"
  Liabilities:US:Chase:Slate                       -13.70 USD
  Expenses:Food:Restaurant                          13.70 USD

2020-09-20 * "Metro Transport Authority" "Tram tickets"
  Liabilities:US:Chase:Slate                      -120.00 USD
  Expenses:Transport:Tram                          120.00 USD

2020-09-24 * "Uncle Boons" "Eating out with Bill"
  Liabilities:US:Chase:Slate                       -33.19 USD
  Expenses:Food:Restaurant                          33.19 USD

2020-09-24 * "Good Moods Market" "Buying groceries"
  Liabilities:US:Chase:Slate                       -63.42 USD
  Expenses:Food:Groceries                           63.42 USD

2020-09-27 * "Goba Goba" "Eating out "
  Liabilities:US:Chase:Slate                       -23.59 USD
  Expenses:Food:Restaurant                          23.59 USD

2020-09-28 * "Rose Flower" "Eating out with Joe"
  Liabilities:US:Chase:Slate                       -22.15 USD
  Expenses:Food:Restaurant                          22.15 USD

2020-10-01 * "Cafe Modagor" "Eating out after work"
  Liabilities:US:Chase:Slate                       -28.23 USD
  Expenses:Food:Restaurant                          28.23 USD

2020-10-02 balance Liabilities:US:Chase:Slate    -2967.36 USD

2020-10-02 * "Chichipotle" "Eating out with work buddies"
  Liabilities:US:Chase:Slate                       -18.78 USD
  Expenses:Food:Restaurant                          18.78 USD

2020-10-03 * "Cafe Modagor" "Eating out with Natasha"
  Liabilities:US:Chase:Slate                       -31.74 USD
  Expenses:Food:Restaurant                          31.74 USD

2020-10-06 * "Cafe Modagor" "Eating out with Julie"
  Liabilities:US:Chase:Slate                       -50.86 USD
  Expenses:Food:Restaurant                          50.86 USD

2020-10-07 * "China Garden" "Eating out alone"
  Liabilities:US:Chase:Slate                       -30.29 USD
  Expenses:Food:Restaurant                          30.29 USD

2020-10-08 * "Good Moods Market" "Buying groceries"
  Liabilities:US:Chase:Slate                       -74.59 USD
  Expenses:Food:Groceries                           74.59 USD

2020-10-09 * "Cafe Modagor" "Eating out with Natasha"
  Liabilities:US:Chase:Slate                      -125.98 USD
  Expenses:Food:Restaurant                         125.98 USD

2020-10-10 * "Chase:Slate" "Paying off credit card"
  Liabilities:US:Chase:Slate                       824.57 USD
  Assets:US:BofA:Checking                         -824.57 USD

2020-10-12 * "Kin Soy" "Eating out alone"
  Liabilities:US:Chase:Slate                       -44.83 USD
  Expenses:Food:Restaurant                          44.83 USD

2020-10-15 * "Goba Goba" "Eating out "
  Liabilities:US:Chase:Slate                       -47.26 USD
  Expenses:Food:Restaurant                          47.26 USD

2020-10-16 * "Rose Flower" "Eating out with Bill"
  Liabilities:US:Chase:Slate                       -36.44 USD
  Expenses:Food:Restaurant                          36.44 USD

2020-10-19 * "Cafe Modagor" "Eating out with work buddies"
  Liabilities:US:Chase:Slate                       -23.33 USD
  Expenses:Food:Restaurant                          23.33 USD

2020-10-20 * "Metro Transport Authority" "Tram tickets"
  Liabilities:US:Chase:Slate                      -120.00 USD
  Expenses:Transport:Tram                          120.00 USD

2020-10-21 * "Kin Soy" "Eating out alone"
  Liabilities:US:Chase:Slate                       -19.02 USD
  Expenses:Food:Restaurant                          19.02 USD

2020-10-23 * "Good Moods Market" "Buying groceries"
  Liabilities:US:Chase:Slate                      -112.83 USD
  Expenses:Food:Groceries                          112.83 USD

2020-10-26 * "Jewel of Morroco" "Eating out with Julie"
  Liabilities:US:Chase:Slate                       -30.05 USD
  Expenses:Food:Restaurant                          30.05 USD

2020-10-27 * "Chichipotle" "Eating out alone"
  Liabilities:US:Chase:Slate                       -23.20 USD
  Expenses:Food:Restaurant                          23.20 USD

2020-10-28 * "Goba Goba" "Eating out with work buddies"
  Liabilities:US:Chase:Slate                       -29.50 USD
  Expenses:Food:Restaurant                          29.50 USD

2020-10-29 balance Liabilities:US:Chase:Slate    -2961.49 USD

2020-11-01 * "Chichipotle" "Eating out with Natasha"
  Liabilities:US:Chase:Slate                       -31.34 USD
  Expenses:Food:Restaurant                          31.34 USD

2020-11-02 * "Rose Flower" "Eating out "
  Liabilities:US:Chase:Slate                       -29.67 USD
  Expenses:Food:Restaurant                          29.67 USD

2020-11-07 * "Chichipotle" "Eating out with Natasha"
  Liabilities:US:Chase:Slate                       -30.19 USD
  Expenses:Food:Restaurant                          30.19 USD

2020-11-08 * "China Garden" "Eating out with Julie"
  Liabilities:US:Chase:Slate                       -19.79 USD
  Expenses:Food:Restaurant                          19.79 USD

2020-11-09 * "Goba Goba" "Eating out with work buddies"
  Liabilities:US:Chase:Slate                       -16.35 USD
  Expenses:Food:Restaurant                          16.35 USD

2020-11-11 * "Chase:Slate" "Paying off credit card"
  Liabilities:US:Chase:Slate                       644.61 USD
  Assets:US:BofA:Checking                         -644.61 USD

2020-11-12 * "Corner Deli" "Buying groceries"
  Liabilities:US:Chase:Slate                       -75.64 USD
  Expenses:Food:Groceries                           75.64 USD

2020-11-13 * "Goba Goba" "Eating out after work"
  Liabilities:US:Chase:Slate                       -20.39 USD
  Expenses:Food:Restaurant                          20.39 USD

2020-11-14 * "Jewel of Morroco" "Eating out "
  Liabilities:US:Chase:Slate                       -27.35 USD
  Expenses:Food:Restaurant                          27.35 USD

2020-11-16 * "Rose Flower" "Eating out with work buddies"
  Liabilities:US:Chase:Slate                       -35.62 USD
  Expenses:Food:Restaurant                          35.62 USD

2020-11-18 balance Liabilities:US:Chase:Slate    -2603.22 USD

2020-11-19 * "Kin Soy" "Eating out "
  Liabilities:US:Chase:Slate                       -41.71 USD
  Expenses:Food:Restaurant                          41.71 USD

2020-11-21 * "Metro Transport Authority" "Tram tickets"
  Liabilities:US:Chase:Slate                      -120.00 USD
  Expenses:Transport:Tram                          120.00 USD

2020-11-23 * "Cafe Modagor" "Eating out after work"
  Liabilities:US:Chase:Slate                       -51.48 USD
  Expenses:Food:Restaurant                          51.48 USD

2020-11-25 * "Cafe Modagor" "Eating out with Julie"
  Liabilities:US:Chase:Slate                       -16.12 USD
  Expenses:Food:Restaurant                          16.12 USD

2020-11-27 * "Chichipotle" "Eating out after work"
  Liabilities:US:Chase:Slate                       -21.04 USD
  Expenses:Food:Restaurant                          21.04 USD

2020-11-28 * "Farmer Fresh" "Buying groceries"
  Liabilities:US:Chase:Slate                       -91.73 USD
  Expenses:Food:Groceries                           91.73 USD

2020-11-30 * "Cafe Modagor" "Eating out "
  Liabilities:US:Chase:Slate                       -44.68 USD
  Expenses:Food:Restaurant                          44.68 USD

2020-12-02 * "Goba Goba" "Eating out with work buddies"
  Liabilities:US:Chase:Slate                       -16.77 USD
  Expenses:Food:Restaurant                          16.77 USD

2020-12-03 * "Chichipotle" "Eating out alone"
  Liabilities:US:Chase:Slate                       -22.85 USD
  Expenses:Food:Restaurant                          22.85 USD

2020-12-08 * "Chichipotle" "Eating out with Bill"
  Liabilities:US:Chase:Slate                       -26.15 USD
  Expenses:Food:Restaurant                          26.15 USD

2020-12-11 * "China Garden" "Eating out with Bill"
  Liabilities:US:Chase:Slate                       -30.02 USD
  Expenses:Food:Restaurant                          30.02 USD

2020-12-14 balance Liabilities:US:Chase:Slate    -3085.77 USD

2020-12-14 * "Good Moods Market" "Buying groceries"
  Liabilities:US:Chase:Slate                       -73.76 USD
  Expenses:Food:Groceries                           73.76 USD

2020-12-15 * "Uncle Boons" "Eating out with work buddies"
  Liabilities:US:Chase:Slate                       -31.65 USD
  Expenses:Food:Restaurant                          31.65 USD

2020-12-19 * "Goba Goba" "Eating out with Joe"
  Liabilities:US:Chase:Slate                       -17.27 USD
  Expenses:Food:Restaurant                          17.27 USD

2020-12-23 * "Goba Goba" "Eating out with Julie"
  Liabilities:US:Chase:Slate                       -13.66 USD
  Expenses:Food:Restaurant                          13.66 USD

2020-12-23 * "Farmer Fresh" "Buying groceries"
  Liabilities:US:Chase:Slate                       -84.22 USD
  Expenses:Food:Groceries                           84.22 USD

2020-12-23 * "Metro Transport Authority" "Tram tickets"
  Liabilities:US:Chase:Slate                      -120.00 USD
  Expenses:Transport:Tram                          120.00 USD

2020-12-27 * "Chichipotle" "Eating out alone"
  Liabilities:US:Chase:Slate                       -19.75 USD
  Expenses:Food:Restaurant                          19.75 USD

2020-12-28 * "Farmer Fresh" "Buying groceries"
  Liabilities:US:Chase:Slate                       -58.32 USD
  Expenses:Food:Groceries                           58.32 USD

2020-12-29 * "Chichipotle" "Eating out with Julie"
  Liabilities:US:Chase:Slate                       -36.25 USD
  Expenses:Food:Restaurant                          36.25 USD



* Taxable Investments

2018-01-01 open Assets:US:ETrade:Cash                       USD
2018-01-01 open Assets:US:ETrade:ITOT                       ITOT
2018-01-01 open Assets:US:ETrade:VEA                       VEA
2018-01-01 open Assets:US:ETrade:VHT                       VHT
2018-01-01 open Assets:US:ETrade:GLD                       GLD
2018-01-01 open Income:US:ETrade:PnL                        USD
2018-01-01 open Income:US:ETrade:ITOT:Dividend              USD
2018-01-01 open Income:US:ETrade:VEA:Dividend              USD
2018-01-01 open Income:US:ETrade:VHT:Dividend              USD
2018-01-01 open Income:US:ETrade:GLD:Dividend              USD

2018-09-18 * "Dividends on portfolio"
  Assets:US:ETrade:Cash                              0.00 USD
  Income:US:ETrade:VHT:Dividend                      0.00 USD

2018-09-23 * "Buy shares of VHT"
  Assets:US:ETrade:Cash                          -1087.85 USD                          
  Assets:US:ETrade:VHT                                  5 VHT {215.78 USD, 2018-09-23}
  Expenses:Financial:Commissions                     8.95 USD                          

2018-09-23 * "Buy shares of ITOT"
  Assets:US:ETrade:Cash                          -1083.85 USD                          
  Assets:US:ETrade:ITOT                                10 ITOT {107.49 USD, 2018-09-23}
  Expenses:Financial:Commissions                     8.95 USD                          

2018-09-23 * "Buy shares of VEA"
  Assets:US:ETrade:Cash                           -987.50 USD                          
  Assets:US:ETrade:VEA                                  5 VEA {195.71 USD, 2018-09-23}
  Expenses:Financial:Commissions                     8.95 USD                          

2018-11-10 * "Buy shares of GLD"
  Assets:US:ETrade:Cash                          -1127.83 USD                          
  Assets:US:ETrade:GLD                                  9 GLD {124.32 USD, 2018-11-10}
  Expenses:Financial:Commissions                     8.95 USD                          

2018-11-10 * "Buy shares of VEA"
  Assets:US:ETrade:Cash                          -1187.95 USD                          
  Assets:US:ETrade:VEA                                  6 VEA {196.50 USD, 2018-11-10}
  Expenses:Financial:Commissions                     8.95 USD                          

2018-11-10 * "Buy shares of ITOT"
  Assets:US:ETrade:Cash                          -1113.25 USD                          
  Assets:US:ETrade:ITOT                                10 ITOT {110.43 USD, 2018-11-10}
  Expenses:Financial:Commissions                     8.95 USD                          

2018-11-10 * "Buy shares of VHT"
  Assets:US:ETrade:Cash                          -1103.85 USD                          
  Assets:US:ETrade:VHT                                  5 VHT {218.98 USD, 2018-11-10}
  Expenses:Financial:Commissions                     8.95 USD                          

2018-12-10 * "Sell shares of ITOT"
  Assets:US:ETrade:ITOT                               -10 ITOT {110.43 USD, 2018-11-10} @ 108.24 USD
  Assets:US:ETrade:Cash                           1073.45 USD                                       
  Expenses:Financial:Commissions                     8.95 USD                                       
  Income:US:ETrade:PnL                              21.90 USD                                       

2018-12-17 * "Dividends on portfolio"
  Assets:US:ETrade:Cash                             30.52 USD
  Income:US:ETrade:VHT:Dividend                    -30.52 USD

2018-12-29 * "Buy shares of VEA"
  Assets:US:ETrade:Cash                           -597.70 USD                          
  Assets:US:ETrade:VEA                                  3 VEA {196.25 USD, 2018-12-29}
  Expenses:Financial:Commissions                     8.95 USD                          

2018-12-29 * "Buy shares of GLD"
  Assets:US:ETrade:Cash                           -513.23 USD                          
  Assets:US:ETrade:GLD                                  4 GLD {126.07 USD, 2018-12-29}
  Expenses:Financial:Commissions                     8.95 USD                          

2019-02-08 * "Sell shares of GLD"
  Assets:US:ETrade:GLD                                 -9 GLD {124.32 USD, 2018-11-10} @ 117.13 USD
  Assets:US:ETrade:Cash                           1045.22 USD                                       
  Expenses:Financial:Commissions                     8.95 USD                                       
  Income:US:ETrade:PnL                              64.71 USD                                       

2019-02-24 * "Buy shares of VHT"
  Assets:US:ETrade:Cash                           -472.01 USD                          
  Assets:US:ETrade:VHT                                  2 VHT {231.53 USD, 2019-02-24}
  Expenses:Financial:Commissions                     8.95 USD                          

2019-02-24 * "Buy shares of ITOT"
  Assets:US:ETrade:Cash                           -542.75 USD                          
  Assets:US:ETrade:ITOT                                 5 ITOT {106.76 USD, 2019-02-24}
  Expenses:Financial:Commissions                     8.95 USD                          

2019-03-18 * "Dividends on portfolio"
  Assets:US:ETrade:Cash                             38.88 USD
  Income:US:ETrade:VEA:Dividend                    -38.88 USD

2019-03-31 * "Sell shares of VHT"
  Assets:US:ETrade:VHT                                 -5 VHT {215.78 USD, 2018-09-23} @ 238.28 USD
  Assets:US:ETrade:Cash                           1182.45 USD                                       
  Expenses:Financial:Commissions                     8.95 USD                                       
  Income:US:ETrade:PnL                            -112.50 USD                                       

2019-04-12 * "Sell shares of VEA"
  Assets:US:ETrade:VEA                                 -3 VEA {196.25 USD, 2018-12-29} @ 198.20 USD
  Assets:US:ETrade:Cash                            585.65 USD                                       
  Expenses:Financial:Commissions                     8.95 USD                                       
  Income:US:ETrade:PnL                              -5.85 USD                                       

2019-05-03 * "Buy shares of VEA"
  Assets:US:ETrade:Cash                           -597.82 USD                          
  Assets:US:ETrade:VEA                                  3 VEA {196.29 USD, 2019-05-03}
  Expenses:Financial:Commissions                     8.95 USD                          

2019-05-03 * "Buy shares of ITOT"
  Assets:US:ETrade:Cash                           -565.80 USD                          
  Assets:US:ETrade:ITOT                                 5 ITOT {111.37 USD, 2019-05-03}
  Expenses:Financial:Commissions                     8.95 USD                          

2019-05-03 * "Buy shares of VHT"
  Assets:US:ETrade:Cash                           -505.43 USD                          
  Assets:US:ETrade:VHT                                  2 VHT {248.24 USD, 2019-05-03}
  Expenses:Financial:Commissions                     8.95 USD                          

2019-06-18 * "Dividends on portfolio"
  Assets:US:ETrade:Cash                             45.45 USD
  Income:US:ETrade:VHT:Dividend                    -45.45 USD

2019-08-19 * "Buy shares of VHT"
  Assets:US:ETrade:Cash                          -1572.07 USD                          
  Assets:US:ETrade:VHT                                  6 VHT {260.52 USD, 2019-08-19}
  Expenses:Financial:Commissions                     8.95 USD                          

2019-08-19 * "Buy shares of GLD"
  Assets:US:ETrade:Cash                          -1532.45 USD                          
  Assets:US:ETrade:GLD                                 10 GLD {152.35 USD, 2019-08-19}
  Expenses:Financial:Commissions                     8.95 USD                          

2019-09-18 * "Dividends on portfolio"
  Assets:US:ETrade:Cash                             57.79 USD
  Income:US:ETrade:VHT:Dividend                    -57.79 USD

2019-10-10 * "Sell shares of VHT"
  Assets:US:ETrade:VHT                                 -5 VHT {218.98 USD, 2018-11-10} @ 268.11 USD
  Assets:US:ETrade:Cash                           1331.60 USD                                       
  Expenses:Financial:Commissions                     8.95 USD                                       
  Income:US:ETrade:PnL                            -245.65 USD                                       

2019-10-14 * "Buy shares of ITOT"
  Assets:US:ETrade:Cash                          -1411.78 USD                          
  Assets:US:ETrade:ITOT                                13 ITOT {107.91 USD, 2019-10-14}
  Expenses:Financial:Commissions                     8.95 USD                          

2019-10-14 * "Buy shares of GLD"
  Assets:US:ETrade:Cash                          -1427.05 USD                          
  Assets:US:ETrade:GLD                                 10 GLD {141.81 USD, 2019-10-14}
  Expenses:Financial:Commissions                     8.95 USD                          

2019-10-14 * "Buy shares of VHT"
  Assets:US:ETrade:Cash                          -1384.90 USD                          
  Assets:US:ETrade:VHT                                  5 VHT {275.19 USD, 2019-10-14}
  Expenses:Financial:Commissions                     8.95 USD                          

2019-10-14 * "Buy shares of VEA"
  Assets:US:ETrade:Cash                          -1506.47 USD                          
  Assets:US:ETrade:VEA                                  8 VEA {187.19 USD, 2019-10-14}
  Expenses:Financial:Commissions                     8.95 USD                          

2019-11-02 * "Sell shares of GLD"
  Assets:US:ETrade:GLD                                -10 GLD {152.35 USD, 2019-08-19} @ 138.99 USD
  Assets:US:ETrade:Cash                           1380.95 USD                                       
  Expenses:Financial:Commissions                     8.95 USD                                       
  Income:US:ETrade:PnL                             133.60 USD                                       

2019-11-03 * "Buy shares of VEA"
  Assets:US:ETrade:Cash                           -395.17 USD                          
  Assets:US:ETrade:VEA                                  2 VEA {193.11 USD, 2019-11-03}
  Expenses:Financial:Commissions                     8.95 USD                          

2019-11-03 * "Buy shares of GLD"
  Assets:US:ETrade:Cash                           -286.93 USD                          
  Assets:US:ETrade:GLD                                  2 GLD {138.99 USD, 2019-11-03}
  Expenses:Financial:Commissions                     8.95 USD                          

2019-11-03 * "Buy shares of VHT"
  Assets:US:ETrade:Cash                           -280.68 USD                          
  Assets:US:ETrade:VHT                                  1 VHT {271.73 USD, 2019-11-03}
  Expenses:Financial:Commissions                     8.95 USD                          

2019-11-03 * "Buy shares of ITOT"
  Assets:US:ETrade:Cash                           -315.52 USD                          
  Assets:US:ETrade:ITOT                                 3 ITOT {102.19 USD, 2019-11-03}
  Expenses:Financial:Commissions                     8.95 USD                          

2019-12-17 * "Dividends on portfolio"
  Assets:US:ETrade:Cash                             85.54 USD
  Income:US:ETrade:VEA:Dividend                    -85.54 USD

2020-01-22 * "Sell shares of VHT"
  Assets:US:ETrade:VHT                                 -5 VHT {275.19 USD, 2019-10-14} @ 263.89 USD
  Assets:US:ETrade:Cash                           1310.50 USD                                       
  Expenses:Financial:Commissions                     8.95 USD                                       
  Income:US:ETrade:PnL                              56.50 USD                                       

2020-02-26 * "Buy shares of VEA"
  Assets:US:ETrade:Cash                          -1767.55 USD                          
  Assets:US:ETrade:VEA                                  9 VEA {195.40 USD, 2020-02-26}
  Expenses:Financial:Commissions                     8.95 USD                          

2020-02-29 * "Sell shares of ITOT"
  Assets:US:ETrade:ITOT                               -13 ITOT {107.91 USD, 2019-10-14} @ 115.03 USD
  Assets:US:ETrade:Cash                           1486.44 USD                                       
  Expenses:Financial:Commissions                     8.95 USD                                       
  Income:US:ETrade:PnL                             -92.56 USD                                       

2020-03-03 * "Buy shares of GLD"
  Assets:US:ETrade:Cash                           -569.35 USD                          
  Assets:US:ETrade:GLD                                  4 GLD {140.10 USD, 2020-03-03}
  Expenses:Financial:Commissions                     8.95 USD                          

2020-03-03 * "Buy shares of VHT"
  Assets:US:ETrade:Cash                           -552.85 USD                          
  Assets:US:ETrade:VHT                                  2 VHT {271.95 USD, 2020-03-03}
  Expenses:Financial:Commissions                     8.95 USD                          

2020-03-17 * "Dividends on portfolio"
  Assets:US:ETrade:Cash                             96.99 USD
  Income:US:ETrade:VHT:Dividend                    -96.99 USD

2020-04-13 * "Sell shares of VEA"
  Assets:US:ETrade:VEA                                 -3 VEA {196.29 USD, 2019-05-03} @ 199.54 USD
  Assets:US:ETrade:Cash                            589.67 USD                                       
  Expenses:Financial:Commissions                     8.95 USD                                       
  Income:US:ETrade:PnL                              -9.75 USD                                       

2020-06-17 * "Dividends on portfolio"
  Assets:US:ETrade:Cash                             96.99 USD
  Income:US:ETrade:GLD:Dividend                    -96.99 USD

2020-06-24 * "Sell shares of VHT"
  Assets:US:ETrade:VHT                                 -6 VHT {260.52 USD, 2019-08-19} @ 300.30 USD
  Assets:US:ETrade:Cash                           1792.85 USD                                       
  Expenses:Financial:Commissions                     8.95 USD                                       
  Income:US:ETrade:PnL                            -238.68 USD                                       

2020-07-05 * "Buy shares of VEA"
  Assets:US:ETrade:Cash                          -2520.55 USD                          
  Assets:US:ETrade:VEA                                 13 VEA {193.20 USD, 2020-07-05}
  Expenses:Financial:Commissions                     8.95 USD                          

2020-08-17 * "Buy shares of VEA"
  Assets:US:ETrade:Cash                          -4101.64 USD                          
  Assets:US:ETrade:VEA                                 21 VEA {194.89 USD, 2020-08-17}
  Expenses:Financial:Commissions                     8.95 USD                          

2020-09-17 * "Dividends on portfolio"
  Assets:US:ETrade:Cash                            123.41 USD
  Income:US:ETrade:VEA:Dividend                   -123.41 USD

2020-11-07 * "Sell shares of VEA"
  Assets:US:ETrade:VEA                                 -6 VEA {196.50 USD, 2018-11-10} @ 196.92 USD
  Assets:US:ETrade:Cash                           1172.57 USD                                       
  Expenses:Financial:Commissions                     8.95 USD                                       
  Income:US:ETrade:PnL                              -2.52 USD                                       

2020-11-13 * "Buy shares of VHT"
  Assets:US:ETrade:Cash                          -1476.30 USD                          
  Assets:US:ETrade:VHT                                  5 VHT {293.47 USD, 2020-11-13}
  Expenses:Financial:Commissions                     8.95 USD                          

2020-11-13 * "Buy shares of VEA"
  Assets:US:ETrade:Cash                          -1583.43 USD                          
  Assets:US:ETrade:VEA                                  8 VEA {196.81 USD, 2020-11-13}
  Expenses:Financial:Commissions                     8.95 USD                          

2020-11-13 * "Buy shares of ITOT"
  Assets:US:ETrade:Cash                          -1642.79 USD                          
  Assets:US:ETrade:ITOT                                13 ITOT {125.68 USD, 2020-11-13}
  Expenses:Financial:Commissions                     8.95 USD                          

2020-11-29 * "Buy shares of VHT"
  Assets:US:ETrade:Cash                          -1159.55 USD                          
  Assets:US:ETrade:VHT                                  4 VHT {287.65 USD, 2020-11-29}
  Expenses:Financial:Commissions                     8.95 USD                          

2020-11-29 * "Buy shares of ITOT"
  Assets:US:ETrade:Cash                          -1137.10 USD                          
  Assets:US:ETrade:ITOT                                 9 ITOT {125.35 USD, 2020-11-29}
  Expenses:Financial:Commissions                     8.95 USD                          

2020-11-29 * "Buy shares of GLD"
  Assets:US:ETrade:Cash                          -1127.35 USD                          
  Assets:US:ETrade:GLD                                  8 GLD {139.80 USD, 2020-11-29}
  Expenses:Financial:Commissions                     8.95 USD                          

2020-11-29 * "Buy shares of VEA"
  Assets:US:ETrade:Cash                          -1205.35 USD                          
  Assets:US:ETrade:VEA                                  6 VEA {199.40 USD, 2020-11-29}
  Expenses:Financial:Commissions                     8.95 USD                          

2020-12-17 * "Dividends on portfolio"
  Assets:US:ETrade:Cash                            160.49 USD
  Income:US:ETrade:VHT:Dividend                   -160.49 USD



* Vanguard Investments

2018-01-01 open Assets:US:Vanguard:VBMPX                     VBMPX
  number: "882882"
2018-01-01 open Assets:US:Vanguard:RGAGX                     RGAGX
  number: "882882"
2018-01-01 open Assets:US:Vanguard                            USD
  address: "P.O. Box 1110, Valley Forge, PA 19482-1110"
  institution: "Vanguard Group"
  phone: "+1.800.523.1188"
2018-01-01 open Income:US:Hooli:Match401k                   USD
2018-01-01 open Assets:US:Vanguard:Cash                       USD
  number: "882882"

2018-01-05 * "Employer match for contribution"
  Assets:US:Vanguard:Cash                          600.00 USD
  Income:US:Hooli:Match401k                       -600.00 USD

2018-01-08 * "Investing 40% of cash in VBMPX"
  Assets:US:Vanguard:VBMPX                          4.278 VBMPX {112.19 USD, 2018-01-08}
  Assets:US:Vanguard:Cash                         -479.95 USD                            

2018-01-08 * "Investing 60% of cash in RGAGX"
  Assets:US:Vanguard:RGAGX                          6.048 RGAGX {119.05 USD, 2018-01-08}
  Assets:US:Vanguard:Cash                         -720.01 USD                            

2018-01-08 * "Investing 40% of cash in VBMPX"
  Assets:US:Vanguard:VBMPX                          2.139 VBMPX {112.19 USD, 2018-01-08}
  Assets:US:Vanguard:Cash                         -239.97 USD                            

2018-01-08 * "Investing 60% of cash in RGAGX"
  Assets:US:Vanguard:RGAGX                          3.024 RGAGX {119.05 USD, 2018-01-08}
  Assets:US:Vanguard:Cash                         -360.01 USD                            

2018-01-19 * "Employer match for contribution"
  Assets:US:Vanguard:Cash                          600.00 USD
  Income:US:Hooli:Match401k                       -600.00 USD

2018-01-22 * "Investing 40% of cash in VBMPX"
  Assets:US:Vanguard:VBMPX                          4.350 VBMPX {110.35 USD, 2018-01-22}
  Assets:US:Vanguard:Cash                         -480.02 USD                            

2018-01-22 * "Investing 60% of cash in RGAGX"
  Assets:US:Vanguard:RGAGX                          6.052 RGAGX {118.98 USD, 2018-01-22}
  Assets:US:Vanguard:Cash                         -720.07 USD                            

2018-01-22 * "Investing 40% of cash in VBMPX"
  Assets:US:Vanguard:VBMPX                          2.175 VBMPX {110.35 USD, 2018-01-22}
  Assets:US:Vanguard:Cash                         -240.01 USD                            

2018-01-22 * "Investing 60% of cash in RGAGX"
  Assets:US:Vanguard:RGAGX                          3.026 RGAGX {118.98 USD, 2018-01-22}
  Assets:US:Vanguard:Cash                         -360.03 USD                            

2018-02-02 * "Employer match for contribution"
  Assets:US:Vanguard:Cash                          600.00 USD
  Income:US:Hooli:Match401k                       -600.00 USD

2018-02-05 * "Investing 40% of cash in VBMPX"
  Assets:US:Vanguard:VBMPX                          4.339 VBMPX {110.62 USD, 2018-02-05}
  Assets:US:Vanguard:Cash                         -479.98 USD                            

2018-02-05 * "Investing 60% of cash in RGAGX"
  Assets:US:Vanguard:RGAGX                          5.958 RGAGX {120.84 USD, 2018-02-05}
  Assets:US:Vanguard:Cash                         -719.96 USD                            

2018-02-05 * "Investing 40% of cash in VBMPX"
  Assets:US:Vanguard:VBMPX                          2.170 VBMPX {110.62 USD, 2018-02-05}
  Assets:US:Vanguard:Cash                         -240.05 USD                            

2018-02-05 * "Investing 60% of cash in RGAGX"
  Assets:US:Vanguard:RGAGX                          2.979 RGAGX {120.84 USD, 2018-02-05}
  Assets:US:Vanguard:Cash                         -359.98 USD                            

2018-02-16 * "Employer match for contribution"
  Assets:US:Vanguard:Cash                          600.00 USD
  Income:US:Hooli:Match401k                       -600.00 USD

2018-02-19 * "Investing 40% of cash in VBMPX"
  Assets:US:Vanguard:VBMPX                          4.298 VBMPX {111.67 USD, 2018-02-19}
  Assets:US:Vanguard:Cash                         -479.96 USD                            

2018-02-19 * "Investing 60% of cash in RGAGX"
  Assets:US:Vanguard:RGAGX                          6.042 RGAGX {119.16 USD, 2018-02-19}
  Assets:US:Vanguard:Cash                         -719.96 USD                            

2018-02-19 * "Investing 40% of cash in VBMPX"
  Assets:US:Vanguard:VBMPX                          2.149 VBMPX {111.67 USD, 2018-02-19}
  Assets:US:Vanguard:Cash                         -239.98 USD                            

2018-02-19 * "Investing 60% of cash in RGAGX"
  Assets:US:Vanguard:RGAGX                          3.021 RGAGX {119.16 USD, 2018-02-19}
  Assets:US:Vanguard:Cash                         -359.98 USD                            

2018-03-02 * "Employer match for contribution"
  Assets:US:Vanguard:Cash                          600.00 USD
  Income:US:Hooli:Match401k                       -600.00 USD

2018-03-05 * "Investing 40% of cash in VBMPX"
  Assets:US:Vanguard:VBMPX                          4.276 VBMPX {112.25 USD, 2018-03-05}
  Assets:US:Vanguard:Cash                         -479.98 USD                            

2018-03-05 * "Investing 60% of cash in RGAGX"
  Assets:US:Vanguard:RGAGX                          6.059 RGAGX {118.84 USD, 2018-03-05}
  Assets:US:Vanguard:Cash                         -720.05 USD                            

2018-03-05 * "Investing 40% of cash in VBMPX"
  Assets:US:Vanguard:VBMPX                          2.138 VBMPX {112.25 USD, 2018-03-05}
  Assets:US:Vanguard:Cash                         -239.99 USD                            

2018-03-05 * "Investing 60% of cash in RGAGX"
  Assets:US:Vanguard:RGAGX                          3.030 RGAGX {118.84 USD, 2018-03-05}
  Assets:US:Vanguard:Cash                         -360.09 USD                            

2018-03-16 * "Employer match for contribution"
  Assets:US:Vanguard:Cash                          600.00 USD
  Income:US:Hooli:Match401k                       -600.00 USD

2018-03-19 * "Investing 40% of cash in VBMPX"
  Assets:US:Vanguard:VBMPX                          4.185 VBMPX {114.68 USD, 2018-03-19}
  Assets:US:Vanguard:Cash                         -479.94 USD                            

2018-03-19 * "Investing 60% of cash in RGAGX"
  Assets:US:Vanguard:RGAGX                          6.085 RGAGX {118.33 USD, 2018-03-19}
  Assets:US:Vanguard:Cash                         -720.04 USD                            

2018-03-19 * "Investing 40% of cash in VBMPX"
  Assets:US:Vanguard:VBMPX                          2.093 VBMPX {114.68 USD, 2018-03-19}
  Assets:US:Vanguard:Cash                         -240.03 USD                            

2018-03-19 * "Investing 60% of cash in RGAGX"
  Assets:US:Vanguard:RGAGX                          3.042 RGAGX {118.33 USD, 2018-03-19}
  Assets:US:Vanguard:Cash                         -359.96 USD                            

2018-03-30 * "Employer match for contribution"
  Assets:US:Vanguard:Cash                          600.00 USD
  Income:US:Hooli:Match401k                       -600.00 USD

2018-04-02 * "Investing 40% of cash in VBMPX"
  Assets:US:Vanguard:VBMPX                          4.068 VBMPX {117.99 USD, 2018-04-02}
  Assets:US:Vanguard:Cash                         -479.98 USD                            

2018-04-02 * "Investing 60% of cash in RGAGX"
  Assets:US:Vanguard:RGAGX                          6.007 RGAGX {119.86 USD, 2018-04-02}
  Assets:US:Vanguard:Cash                         -720.00 USD                            

2018-04-02 * "Investing 40% of cash in VBMPX"
  Assets:US:Vanguard:VBMPX                          2.034 VBMPX {117.99 USD, 2018-04-02}
  Assets:US:Vanguard:Cash                         -239.99 USD                            

2018-04-02 * "Investing 60% of cash in RGAGX"
  Assets:US:Vanguard:RGAGX                          3.004 RGAGX {119.86 USD, 2018-04-02}
  Assets:US:Vanguard:Cash                         -360.06 USD                            

2018-04-13 * "Employer match for contribution"
  Assets:US:Vanguard:Cash                          600.00 USD
  Income:US:Hooli:Match401k                       -600.00 USD

2018-04-16 * "Investing 40% of cash in VBMPX"
  Assets:US:Vanguard:VBMPX                          4.024 VBMPX {119.28 USD, 2018-04-16}
  Assets:US:Vanguard:Cash                         -479.98 USD                            

2018-04-16 * "Investing 60% of cash in RGAGX"
  Assets:US:Vanguard:RGAGX                          6.044 RGAGX {119.12 USD, 2018-04-16}
  Assets:US:Vanguard:Cash                         -719.96 USD                            

2018-04-16 * "Investing 40% of cash in VBMPX"
  Assets:US:Vanguard:VBMPX                          2.012 VBMPX {119.28 USD, 2018-04-16}
  Assets:US:Vanguard:Cash                         -239.99 USD                            

2018-04-16 * "Investing 60% of cash in RGAGX"
  Assets:US:Vanguard:RGAGX                          3.022 RGAGX {119.12 USD, 2018-04-16}
  Assets:US:Vanguard:Cash                         -359.98 USD                            

2018-04-27 * "Employer match for contribution"
  Assets:US:Vanguard:Cash                          600.00 USD
  Income:US:Hooli:Match401k                       -600.00 USD

2018-04-30 * "Investing 40% of cash in VBMPX"
  Assets:US:Vanguard:VBMPX                          3.929 VBMPX {122.16 USD, 2018-04-30}
  Assets:US:Vanguard:Cash                         -479.97 USD                            

2018-04-30 * "Investing 60% of cash in RGAGX"
  Assets:US:Vanguard:RGAGX                          6.068 RGAGX {118.67 USD, 2018-04-30}
  Assets:US:Vanguard:Cash                         -720.09 USD                            

2018-04-30 * "Investing 40% of cash in VBMPX"
  Assets:US:Vanguard:VBMPX                          1.965 VBMPX {122.16 USD, 2018-04-30}
  Assets:US:Vanguard:Cash                         -240.04 USD                            

2018-04-30 * "Investing 60% of cash in RGAGX"
  Assets:US:Vanguard:RGAGX                          3.034 RGAGX {118.67 USD, 2018-04-30}
  Assets:US:Vanguard:Cash                         -360.04 USD                            

2018-05-11 * "Employer match for contribution"
  Assets:US:Vanguard:Cash                          600.00 USD
  Income:US:Hooli:Match401k                       -600.00 USD

2018-05-14 * "Investing 40% of cash in VBMPX"
  Assets:US:Vanguard:VBMPX                          3.800 VBMPX {126.30 USD, 2018-05-14}
  Assets:US:Vanguard:Cash                         -479.94 USD                            

2018-05-14 * "Investing 60% of cash in RGAGX"
  Assets:US:Vanguard:RGAGX                          6.017 RGAGX {119.66 USD, 2018-05-14}
  Assets:US:Vanguard:Cash                         -719.99 USD                            

2018-05-14 * "Investing 40% of cash in VBMPX"
  Assets:US:Vanguard:VBMPX                          1.900 VBMPX {126.30 USD, 2018-05-14}
  Assets:US:Vanguard:Cash                         -239.97 USD                            

2018-05-14 * "Investing 60% of cash in RGAGX"
  Assets:US:Vanguard:RGAGX                          3.008 RGAGX {119.66 USD, 2018-05-14}
  Assets:US:Vanguard:Cash                         -359.94 USD                            

2018-05-25 * "Employer match for contribution"
  Assets:US:Vanguard:Cash                          600.00 USD
  Income:US:Hooli:Match401k                       -600.00 USD

2018-05-28 * "Investing 40% of cash in VBMPX"
  Assets:US:Vanguard:VBMPX                          3.755 VBMPX {127.84 USD, 2018-05-28}
  Assets:US:Vanguard:Cash                         -480.04 USD                            

2018-05-28 * "Investing 60% of cash in RGAGX"
  Assets:US:Vanguard:RGAGX                          5.969 RGAGX {120.63 USD, 2018-05-28}
  Assets:US:Vanguard:Cash                         -720.04 USD                            

2018-05-28 * "Investing 40% of cash in VBMPX"
  Assets:US:Vanguard:VBMPX                          1.877 VBMPX {127.84 USD, 2018-05-28}
  Assets:US:Vanguard:Cash                         -239.96 USD                            

2018-05-28 * "Investing 60% of cash in RGAGX"
  Assets:US:Vanguard:RGAGX                          2.984 RGAGX {120.63 USD, 2018-05-28}
  Assets:US:Vanguard:Cash                         -359.96 USD                            

2018-06-08 * "Employer match for contribution"
  Assets:US:Vanguard:Cash                          600.00 USD
  Income:US:Hooli:Match401k                       -600.00 USD

2018-06-11 * "Investing 40% of cash in VBMPX"
  Assets:US:Vanguard:VBMPX                          3.642 VBMPX {131.81 USD, 2018-06-11}
  Assets:US:Vanguard:Cash                         -480.05 USD                            

2018-06-11 * "Investing 60% of cash in RGAGX"
  Assets:US:Vanguard:RGAGX                          5.912 RGAGX {121.79 USD, 2018-06-11}
  Assets:US:Vanguard:Cash                         -720.02 USD                            

2018-06-11 * "Investing 40% of cash in VBMPX"
  Assets:US:Vanguard:VBMPX                          1.821 VBMPX {131.81 USD, 2018-06-11}
  Assets:US:Vanguard:Cash                         -240.03 USD                            

2018-06-11 * "Investing 60% of cash in RGAGX"
  Assets:US:Vanguard:RGAGX                          2.956 RGAGX {121.79 USD, 2018-06-11}
  Assets:US:Vanguard:Cash                         -360.01 USD                            

2018-06-22 * "Employer match for contribution"
  Assets:US:Vanguard:Cash                          600.00 USD
  Income:US:Hooli:Match401k                       -600.00 USD

2018-06-25 * "Investing 40% of cash in VBMPX"
  Assets:US:Vanguard:VBMPX                          3.737 VBMPX {128.44 USD, 2018-06-25}
  Assets:US:Vanguard:Cash                         -479.98 USD                            

2018-06-25 * "Investing 60% of cash in RGAGX"
  Assets:US:Vanguard:RGAGX                          5.796 RGAGX {124.21 USD, 2018-06-25}
  Assets:US:Vanguard:Cash                         -719.92 USD                            

2018-06-25 * "Investing 40% of cash in VBMPX"
  Assets:US:Vanguard:VBMPX                          1.869 VBMPX {128.44 USD, 2018-06-25}
  Assets:US:Vanguard:Cash                         -240.05 USD                            

2018-06-25 * "Investing 60% of cash in RGAGX"
  Assets:US:Vanguard:RGAGX                          2.899 RGAGX {124.21 USD, 2018-06-25}
  Assets:US:Vanguard:Cash                         -360.08 USD                            

2018-07-06 * "Employer match for contribution"
  Assets:US:Vanguard:Cash                          600.00 USD
  Income:US:Hooli:Match401k                       -600.00 USD

2018-07-09 * "Investing 40% of cash in VBMPX"
  Assets:US:Vanguard:VBMPX                          3.737 VBMPX {128.43 USD, 2018-07-09}
  Assets:US:Vanguard:Cash                         -479.94 USD                            

2018-07-09 * "Investing 60% of cash in RGAGX"
  Assets:US:Vanguard:RGAGX                          5.755 RGAGX {125.11 USD, 2018-07-09}
  Assets:US:Vanguard:Cash                         -720.01 USD                            

2018-07-09 * "Investing 40% of cash in VBMPX"
  Assets:US:Vanguard:VBMPX                          1.869 VBMPX {128.43 USD, 2018-07-09}
  Assets:US:Vanguard:Cash                         -240.04 USD                            

2018-07-09 * "Investing 60% of cash in RGAGX"
  Assets:US:Vanguard:RGAGX                          2.877 RGAGX {125.11 USD, 2018-07-09}
  Assets:US:Vanguard:Cash                         -359.94 USD                            

2018-07-20 * "Employer match for contribution"
  Assets:US:Vanguard:Cash                          600.00 USD
  Income:US:Hooli:Match401k                       -600.00 USD

2018-07-23 * "Investing 40% of cash in VBMPX"
  Assets:US:Vanguard:VBMPX                          3.812 VBMPX {125.92 USD, 2018-07-23}
  Assets:US:Vanguard:Cash                         -480.01 USD                            

2018-07-23 * "Investing 60% of cash in RGAGX"
  Assets:US:Vanguard:RGAGX                          5.723 RGAGX {125.80 USD, 2018-07-23}
  Assets:US:Vanguard:Cash                         -719.95 USD                            

2018-07-23 * "Investing 40% of cash in VBMPX"
  Assets:US:Vanguard:VBMPX                          1.906 VBMPX {125.92 USD, 2018-07-23}
  Assets:US:Vanguard:Cash                         -240.00 USD                            

2018-07-23 * "Investing 60% of cash in RGAGX"
  Assets:US:Vanguard:RGAGX                          2.862 RGAGX {125.80 USD, 2018-07-23}
  Assets:US:Vanguard:Cash                         -360.04 USD                            

2018-08-03 * "Employer match for contribution"
  Assets:US:Vanguard:Cash                          250.00 USD
  Income:US:Hooli:Match401k                       -250.00 USD

2018-08-06 * "Investing 40% of cash in VBMPX"
  Assets:US:Vanguard:VBMPX                          1.638 VBMPX {122.12 USD, 2018-08-06}
  Assets:US:Vanguard:Cash                         -200.03 USD                            

2018-08-06 * "Investing 60% of cash in RGAGX"
  Assets:US:Vanguard:RGAGX                          2.358 RGAGX {127.21 USD, 2018-08-06}
  Assets:US:Vanguard:Cash                         -299.96 USD                            

2018-08-06 * "Investing 40% of cash in VBMPX"
  Assets:US:Vanguard:VBMPX                          0.819 VBMPX {122.12 USD, 2018-08-06}
  Assets:US:Vanguard:Cash                         -100.02 USD                            

2018-08-06 * "Investing 60% of cash in RGAGX"
  Assets:US:Vanguard:RGAGX                          1.179 RGAGX {127.21 USD, 2018-08-06}
  Assets:US:Vanguard:Cash                         -149.98 USD                            

2019-01-04 * "Employer match for contribution"
  Assets:US:Vanguard:Cash                          600.00 USD
  Income:US:Hooli:Match401k                       -600.00 USD

2019-01-07 * "Investing 40% of cash in VBMPX"
  Assets:US:Vanguard:VBMPX                          3.705 VBMPX {129.57 USD, 2019-01-07}
  Assets:US:Vanguard:Cash                         -480.06 USD                            

2019-01-07 * "Investing 60% of cash in RGAGX"
  Assets:US:Vanguard:RGAGX                          5.796 RGAGX {124.23 USD, 2019-01-07}
  Assets:US:Vanguard:Cash                         -720.04 USD                            

2019-01-07 * "Investing 40% of cash in VBMPX"
  Assets:US:Vanguard:VBMPX                          1.852 VBMPX {129.57 USD, 2019-01-07}
  Assets:US:Vanguard:Cash                         -239.96 USD                            

2019-01-07 * "Investing 60% of cash in RGAGX"
  Assets:US:Vanguard:RGAGX                          2.897 RGAGX {124.23 USD, 2019-01-07}
  Assets:US:Vanguard:Cash                         -359.89 USD                            

2019-01-18 * "Employer match for contribution"
  Assets:US:Vanguard:Cash                          600.00 USD
  Income:US:Hooli:Match401k                       -600.00 USD

2019-01-21 * "Investing 40% of cash in VBMPX"
  Assets:US:Vanguard:VBMPX                          3.643 VBMPX {131.75 USD, 2019-01-21}
  Assets:US:Vanguard:Cash                         -479.97 USD                            

2019-01-21 * "Investing 60% of cash in RGAGX"
  Assets:US:Vanguard:RGAGX                          5.856 RGAGX {122.96 USD, 2019-01-21}
  Assets:US:Vanguard:Cash                         -720.05 USD                            

2019-01-21 * "Investing 40% of cash in VBMPX"
  Assets:US:Vanguard:VBMPX                          1.822 VBMPX {131.75 USD, 2019-01-21}
  Assets:US:Vanguard:Cash                         -240.05 USD                            

2019-01-21 * "Investing 60% of cash in RGAGX"
  Assets:US:Vanguard:RGAGX                          2.928 RGAGX {122.96 USD, 2019-01-21}
  Assets:US:Vanguard:Cash                         -360.03 USD                            

2019-02-01 * "Employer match for contribution"
  Assets:US:Vanguard:Cash                          600.00 USD
  Income:US:Hooli:Match401k                       -600.00 USD

2019-02-04 * "Investing 40% of cash in VBMPX"
  Assets:US:Vanguard:VBMPX                          3.592 VBMPX {133.63 USD, 2019-02-04}
  Assets:US:Vanguard:Cash                         -480.00 USD                            

2019-02-04 * "Investing 60% of cash in RGAGX"
  Assets:US:Vanguard:RGAGX                          5.755 RGAGX {125.10 USD, 2019-02-04}
  Assets:US:Vanguard:Cash                         -719.95 USD                            

2019-02-04 * "Investing 40% of cash in VBMPX"
  Assets:US:Vanguard:VBMPX                          1.796 VBMPX {133.63 USD, 2019-02-04}
  Assets:US:Vanguard:Cash                         -240.00 USD                            

2019-02-04 * "Investing 60% of cash in RGAGX"
  Assets:US:Vanguard:RGAGX                          2.878 RGAGX {125.10 USD, 2019-02-04}
  Assets:US:Vanguard:Cash                         -360.04 USD                            

2019-02-15 * "Employer match for contribution"
  Assets:US:Vanguard:Cash                          600.00 USD
  Income:US:Hooli:Match401k                       -600.00 USD

2019-02-18 * "Investing 40% of cash in VBMPX"
  Assets:US:Vanguard:VBMPX                          3.604 VBMPX {133.17 USD, 2019-02-18}
  Assets:US:Vanguard:Cash                         -479.94 USD                            

2019-02-18 * "Investing 60% of cash in RGAGX"
  Assets:US:Vanguard:RGAGX                          5.731 RGAGX {125.62 USD, 2019-02-18}
  Assets:US:Vanguard:Cash                         -719.93 USD                            

2019-02-18 * "Investing 40% of cash in VBMPX"
  Assets:US:Vanguard:VBMPX                          1.803 VBMPX {133.17 USD, 2019-02-18}
  Assets:US:Vanguard:Cash                         -240.11 USD                            

2019-02-18 * "Investing 60% of cash in RGAGX"
  Assets:US:Vanguard:RGAGX                          2.866 RGAGX {125.62 USD, 2019-02-18}
  Assets:US:Vanguard:Cash                         -360.03 USD                            

2019-03-01 * "Employer match for contribution"
  Assets:US:Vanguard:Cash                          600.00 USD
  Income:US:Hooli:Match401k                       -600.00 USD

2019-03-04 * "Investing 40% of cash in VBMPX"
  Assets:US:Vanguard:VBMPX                          3.594 VBMPX {133.55 USD, 2019-03-04}
  Assets:US:Vanguard:Cash                         -479.98 USD                            

2019-03-04 * "Investing 60% of cash in RGAGX"
  Assets:US:Vanguard:RGAGX                          5.693 RGAGX {126.46 USD, 2019-03-04}
  Assets:US:Vanguard:Cash                         -719.94 USD                            

2019-03-04 * "Investing 40% of cash in VBMPX"
  Assets:US:Vanguard:VBMPX                          1.797 VBMPX {133.55 USD, 2019-03-04}
  Assets:US:Vanguard:Cash                         -239.99 USD                            

2019-03-04 * "Investing 60% of cash in RGAGX"
  Assets:US:Vanguard:RGAGX                          2.847 RGAGX {126.46 USD, 2019-03-04}
  Assets:US:Vanguard:Cash                         -360.03 USD                            

2019-03-15 * "Employer match for contribution"
  Assets:US:Vanguard:Cash                          600.00 USD
  Income:US:Hooli:Match401k                       -600.00 USD

2019-03-18 * "Investing 40% of cash in VBMPX"
  Assets:US:Vanguard:VBMPX                          3.708 VBMPX {129.46 USD, 2019-03-18}
  Assets:US:Vanguard:Cash                         -480.04 USD                            

2019-03-18 * "Investing 60% of cash in RGAGX"
  Assets:US:Vanguard:RGAGX                          5.677 RGAGX {126.83 USD, 2019-03-18}
  Assets:US:Vanguard:Cash                         -720.01 USD                            

2019-03-18 * "Investing 40% of cash in VBMPX"
  Assets:US:Vanguard:VBMPX                          1.854 VBMPX {129.46 USD, 2019-03-18}
  Assets:US:Vanguard:Cash                         -240.02 USD                            

2019-03-18 * "Investing 60% of cash in RGAGX"
  Assets:US:Vanguard:RGAGX                          2.838 RGAGX {126.83 USD, 2019-03-18}
  Assets:US:Vanguard:Cash                         -359.94 USD                            

2019-03-29 * "Employer match for contribution"
  Assets:US:Vanguard:Cash                          600.00 USD
  Income:US:Hooli:Match401k                       -600.00 USD

2019-04-01 * "Investing 40% of cash in VBMPX"
  Assets:US:Vanguard:VBMPX                          3.992 VBMPX {120.24 USD, 2019-04-01}
  Assets:US:Vanguard:Cash                         -480.00 USD                            

2019-04-01 * "Investing 60% of cash in RGAGX"
  Assets:US:Vanguard:RGAGX                          5.734 RGAGX {125.56 USD, 2019-04-01}
  Assets:US:Vanguard:Cash                         -719.96 USD                            

2019-04-01 * "Investing 40% of cash in VBMPX"
  Assets:US:Vanguard:VBMPX                          1.996 VBMPX {120.24 USD, 2019-04-01}
  Assets:US:Vanguard:Cash                         -240.00 USD                            

2019-04-01 * "Investing 60% of cash in RGAGX"
  Assets:US:Vanguard:RGAGX                          2.867 RGAGX {125.56 USD, 2019-04-01}
  Assets:US:Vanguard:Cash                         -359.98 USD                            

2019-04-12 * "Employer match for contribution"
  Assets:US:Vanguard:Cash                          600.00 USD
  Income:US:Hooli:Match401k                       -600.00 USD

2019-04-15 * "Investing 40% of cash in VBMPX"
  Assets:US:Vanguard:VBMPX                          4.216 VBMPX {113.87 USD, 2019-04-15}
  Assets:US:Vanguard:Cash                         -480.08 USD                            

2019-04-15 * "Investing 60% of cash in RGAGX"
  Assets:US:Vanguard:RGAGX                          5.692 RGAGX {126.51 USD, 2019-04-15}
  Assets:US:Vanguard:Cash                         -720.09 USD                            

2019-04-15 * "Investing 40% of cash in VBMPX"
  Assets:US:Vanguard:VBMPX                          2.107 VBMPX {113.87 USD, 2019-04-15}
  Assets:US:Vanguard:Cash                         -239.92 USD                            

2019-04-15 * "Investing 60% of cash in RGAGX"
  Assets:US:Vanguard:RGAGX                          2.845 RGAGX {126.51 USD, 2019-04-15}
  Assets:US:Vanguard:Cash                         -359.92 USD                            

2019-04-26 * "Employer match for contribution"
  Assets:US:Vanguard:Cash                          600.00 USD
  Income:US:Hooli:Match401k                       -600.00 USD

2019-04-29 * "Investing 40% of cash in VBMPX"
  Assets:US:Vanguard:VBMPX                          3.998 VBMPX {120.08 USD, 2019-04-29}
  Assets:US:Vanguard:Cash                         -480.08 USD                            

2019-04-29 * "Investing 60% of cash in RGAGX"
  Assets:US:Vanguard:RGAGX                          5.636 RGAGX {127.75 USD, 2019-04-29}
  Assets:US:Vanguard:Cash                         -720.00 USD                            

2019-04-29 * "Investing 40% of cash in VBMPX"
  Assets:US:Vanguard:VBMPX                          1.999 VBMPX {120.08 USD, 2019-04-29}
  Assets:US:Vanguard:Cash                         -240.04 USD                            

2019-04-29 * "Investing 60% of cash in RGAGX"
  Assets:US:Vanguard:RGAGX                          2.818 RGAGX {127.75 USD, 2019-04-29}
  Assets:US:Vanguard:Cash                         -360.00 USD                            

2019-05-10 * "Employer match for contribution"
  Assets:US:Vanguard:Cash                          600.00 USD
  Income:US:Hooli:Match401k                       -600.00 USD

2019-05-13 * "Investing 40% of cash in VBMPX"
  Assets:US:Vanguard:VBMPX                          4.082 VBMPX {117.59 USD, 2019-05-13}
  Assets:US:Vanguard:Cash                         -480.00 USD                            

2019-05-13 * "Investing 60% of cash in RGAGX"
  Assets:US:Vanguard:RGAGX                          5.682 RGAGX {126.72 USD, 2019-05-13}
  Assets:US:Vanguard:Cash                         -720.02 USD                            

2019-05-13 * "Investing 40% of cash in VBMPX"
  Assets:US:Vanguard:VBMPX                          2.041 VBMPX {117.59 USD, 2019-05-13}
  Assets:US:Vanguard:Cash                         -240.00 USD                            

2019-05-13 * "Investing 60% of cash in RGAGX"
  Assets:US:Vanguard:RGAGX                          2.841 RGAGX {126.72 USD, 2019-05-13}
  Assets:US:Vanguard:Cash                         -360.01 USD                            

2019-05-24 * "Employer match for contribution"
  Assets:US:Vanguard:Cash                          600.00 USD
  Income:US:Hooli:Match401k                       -600.00 USD

2019-05-27 * "Investing 40% of cash in VBMPX"
  Assets:US:Vanguard:VBMPX                          3.747 VBMPX {128.08 USD, 2019-05-27}
  Assets:US:Vanguard:Cash                         -479.92 USD                            

2019-05-27 * "Investing 60% of cash in RGAGX"
  Assets:US:Vanguard:RGAGX                          5.690 RGAGX {126.53 USD, 2019-05-27}
  Assets:US:Vanguard:Cash                         -719.96 USD                            

2019-05-27 * "Investing 40% of cash in VBMPX"
  Assets:US:Vanguard:VBMPX                          1.874 VBMPX {128.08 USD, 2019-05-27}
  Assets:US:Vanguard:Cash                         -240.02 USD                            

2019-05-27 * "Investing 60% of cash in RGAGX"
  Assets:US:Vanguard:RGAGX                          2.845 RGAGX {126.53 USD, 2019-05-27}
  Assets:US:Vanguard:Cash                         -359.98 USD                            

2019-06-07 * "Employer match for contribution"
  Assets:US:Vanguard:Cash                          600.00 USD
  Income:US:Hooli:Match401k                       -600.00 USD

2019-06-10 * "Investing 40% of cash in VBMPX"
  Assets:US:Vanguard:VBMPX                          3.624 VBMPX {132.46 USD, 2019-06-10}
  Assets:US:Vanguard:Cash                         -480.04 USD                            

2019-06-10 * "Investing 60% of cash in RGAGX"
  Assets:US:Vanguard:RGAGX                          5.664 RGAGX {127.13 USD, 2019-06-10}
  Assets:US:Vanguard:Cash                         -720.06 USD                            

2019-06-10 * "Investing 40% of cash in VBMPX"
  Assets:US:Vanguard:VBMPX                          1.812 VBMPX {132.46 USD, 2019-06-10}
  Assets:US:Vanguard:Cash                         -240.02 USD                            

2019-06-10 * "Investing 60% of cash in RGAGX"
  Assets:US:Vanguard:RGAGX                          2.831 RGAGX {127.13 USD, 2019-06-10}
  Assets:US:Vanguard:Cash                         -359.91 USD                            

2019-06-21 * "Employer match for contribution"
  Assets:US:Vanguard:Cash                          600.00 USD
  Income:US:Hooli:Match401k                       -600.00 USD

2019-06-24 * "Investing 40% of cash in VBMPX"
  Assets:US:Vanguard:VBMPX                          3.681 VBMPX {130.40 USD, 2019-06-24}
  Assets:US:Vanguard:Cash                         -480.00 USD                            

2019-06-24 * "Investing 60% of cash in RGAGX"
  Assets:US:Vanguard:RGAGX                          5.757 RGAGX {125.07 USD, 2019-06-24}
  Assets:US:Vanguard:Cash                         -720.03 USD                            

2019-06-24 * "Investing 40% of cash in VBMPX"
  Assets:US:Vanguard:VBMPX                          1.840 VBMPX {130.40 USD, 2019-06-24}
  Assets:US:Vanguard:Cash                         -239.94 USD                            

2019-06-24 * "Investing 60% of cash in RGAGX"
  Assets:US:Vanguard:RGAGX                          2.878 RGAGX {125.07 USD, 2019-06-24}
  Assets:US:Vanguard:Cash                         -359.95 USD                            

2019-07-05 * "Employer match for contribution"
  Assets:US:Vanguard:Cash                          600.00 USD
  Income:US:Hooli:Match401k                       -600.00 USD

2019-07-08 * "Investing 40% of cash in VBMPX"
  Assets:US:Vanguard:VBMPX                          3.550 VBMPX {135.22 USD, 2019-07-08}
  Assets:US:Vanguard:Cash                         -480.03 USD                            

2019-07-08 * "Investing 60% of cash in RGAGX"
  Assets:US:Vanguard:RGAGX                          5.819 RGAGX {123.74 USD, 2019-07-08}
  Assets:US:Vanguard:Cash                         -720.04 USD                            

2019-07-08 * "Investing 40% of cash in VBMPX"
  Assets:US:Vanguard:VBMPX                          1.775 VBMPX {135.22 USD, 2019-07-08}
  Assets:US:Vanguard:Cash                         -240.02 USD                            

2019-07-08 * "Investing 60% of cash in RGAGX"
  Assets:US:Vanguard:RGAGX                          2.909 RGAGX {123.74 USD, 2019-07-08}
  Assets:US:Vanguard:Cash                         -359.96 USD                            

2019-07-19 * "Employer match for contribution"
  Assets:US:Vanguard:Cash                          600.00 USD
  Income:US:Hooli:Match401k                       -600.00 USD

2019-07-22 * "Investing 40% of cash in VBMPX"
  Assets:US:Vanguard:VBMPX                          3.704 VBMPX {129.59 USD, 2019-07-22}
  Assets:US:Vanguard:Cash                         -480.00 USD                            

2019-07-22 * "Investing 60% of cash in RGAGX"
  Assets:US:Vanguard:RGAGX                          5.842 RGAGX {123.26 USD, 2019-07-22}
  Assets:US:Vanguard:Cash                         -720.08 USD                            

2019-07-22 * "Investing 40% of cash in VBMPX"
  Assets:US:Vanguard:VBMPX                          1.852 VBMPX {129.59 USD, 2019-07-22}
  Assets:US:Vanguard:Cash                         -240.00 USD                            

2019-07-22 * "Investing 60% of cash in RGAGX"
  Assets:US:Vanguard:RGAGX                          2.920 RGAGX {123.26 USD, 2019-07-22}
  Assets:US:Vanguard:Cash                         -359.92 USD                            

2019-08-02 * "Employer match for contribution"
  Assets:US:Vanguard:Cash                          250.00 USD
  Income:US:Hooli:Match401k                       -250.00 USD

2019-08-05 * "Investing 40% of cash in VBMPX"
  Assets:US:Vanguard:VBMPX                          1.532 VBMPX {130.60 USD, 2019-08-05}
  Assets:US:Vanguard:Cash                         -200.08 USD                            

2019-08-05 * "Investing 60% of cash in RGAGX"
  Assets:US:Vanguard:RGAGX                          2.453 RGAGX {122.30 USD, 2019-08-05}
  Assets:US:Vanguard:Cash                         -300.00 USD                            

2019-08-05 * "Investing 40% of cash in VBMPX"
  Assets:US:Vanguard:VBMPX                          0.766 VBMPX {130.60 USD, 2019-08-05}
  Assets:US:Vanguard:Cash                         -100.04 USD                            

2019-08-05 * "Investing 60% of cash in RGAGX"
  Assets:US:Vanguard:RGAGX                          1.226 RGAGX {122.30 USD, 2019-08-05}
  Assets:US:Vanguard:Cash                         -149.94 USD                            

2020-01-03 * "Employer match for contribution"
  Assets:US:Vanguard:Cash                          600.00 USD
  Income:US:Hooli:Match401k                       -600.00 USD

2020-01-06 * "Investing 40% of cash in VBMPX"
  Assets:US:Vanguard:VBMPX                          3.236 VBMPX {148.33 USD, 2020-01-06}
  Assets:US:Vanguard:Cash                         -480.00 USD                            

2020-01-06 * "Investing 60% of cash in RGAGX"
  Assets:US:Vanguard:RGAGX                          5.666 RGAGX {127.07 USD, 2020-01-06}
  Assets:US:Vanguard:Cash                         -719.98 USD                            

2020-01-06 * "Investing 40% of cash in VBMPX"
  Assets:US:Vanguard:VBMPX                          1.618 VBMPX {148.33 USD, 2020-01-06}
  Assets:US:Vanguard:Cash                         -240.00 USD                            

2020-01-06 * "Investing 60% of cash in RGAGX"
  Assets:US:Vanguard:RGAGX                          2.833 RGAGX {127.07 USD, 2020-01-06}
  Assets:US:Vanguard:Cash                         -359.99 USD                            

2020-01-17 * "Employer match for contribution"
  Assets:US:Vanguard:Cash                          600.00 USD
  Income:US:Hooli:Match401k                       -600.00 USD

2020-01-20 * "Investing 40% of cash in VBMPX"
  Assets:US:Vanguard:VBMPX                          3.223 VBMPX {148.93 USD, 2020-01-20}
  Assets:US:Vanguard:Cash                         -480.00 USD                            

2020-01-20 * "Investing 60% of cash in RGAGX"
  Assets:US:Vanguard:RGAGX                          5.655 RGAGX {127.33 USD, 2020-01-20}
  Assets:US:Vanguard:Cash                         -720.05 USD                            

2020-01-20 * "Investing 40% of cash in VBMPX"
  Assets:US:Vanguard:VBMPX                          1.611 VBMPX {148.93 USD, 2020-01-20}
  Assets:US:Vanguard:Cash                         -239.93 USD                            

2020-01-20 * "Investing 60% of cash in RGAGX"
  Assets:US:Vanguard:RGAGX                          2.827 RGAGX {127.33 USD, 2020-01-20}
  Assets:US:Vanguard:Cash                         -359.96 USD                            

2020-01-31 * "Employer match for contribution"
  Assets:US:Vanguard:Cash                          600.00 USD
  Income:US:Hooli:Match401k                       -600.00 USD

2020-02-03 * "Investing 40% of cash in VBMPX"
  Assets:US:Vanguard:VBMPX                          3.263 VBMPX {147.12 USD, 2020-02-03}
  Assets:US:Vanguard:Cash                         -480.05 USD                            

2020-02-03 * "Investing 60% of cash in RGAGX"
  Assets:US:Vanguard:RGAGX                          5.561 RGAGX {129.47 USD, 2020-02-03}
  Assets:US:Vanguard:Cash                         -719.98 USD                            

2020-02-03 * "Investing 40% of cash in VBMPX"
  Assets:US:Vanguard:VBMPX                          1.631 VBMPX {147.12 USD, 2020-02-03}
  Assets:US:Vanguard:Cash                         -239.95 USD                            

2020-02-03 * "Investing 60% of cash in RGAGX"
  Assets:US:Vanguard:RGAGX                          2.781 RGAGX {129.47 USD, 2020-02-03}
  Assets:US:Vanguard:Cash                         -360.06 USD                            

2020-02-14 * "Employer match for contribution"
  Assets:US:Vanguard:Cash                          600.00 USD
  Income:US:Hooli:Match401k                       -600.00 USD

2020-02-17 * "Investing 40% of cash in VBMPX"
  Assets:US:Vanguard:VBMPX                          3.267 VBMPX {146.93 USD, 2020-02-17}
  Assets:US:Vanguard:Cash                         -480.02 USD                            

2020-02-17 * "Investing 60% of cash in RGAGX"
  Assets:US:Vanguard:RGAGX                          5.524 RGAGX {130.34 USD, 2020-02-17}
  Assets:US:Vanguard:Cash                         -720.00 USD                            

2020-02-17 * "Investing 40% of cash in VBMPX"
  Assets:US:Vanguard:VBMPX                          1.633 VBMPX {146.93 USD, 2020-02-17}
  Assets:US:Vanguard:Cash                         -239.94 USD                            

2020-02-17 * "Investing 60% of cash in RGAGX"
  Assets:US:Vanguard:RGAGX                          2.762 RGAGX {130.34 USD, 2020-02-17}
  Assets:US:Vanguard:Cash                         -360.00 USD                            

2020-02-28 * "Employer match for contribution"
  Assets:US:Vanguard:Cash                          600.00 USD
  Income:US:Hooli:Match401k                       -600.00 USD

2020-03-02 * "Investing 40% of cash in VBMPX"
  Assets:US:Vanguard:VBMPX                          3.215 VBMPX {149.31 USD, 2020-03-02}
  Assets:US:Vanguard:Cash                         -480.03 USD                            

2020-03-02 * "Investing 60% of cash in RGAGX"
  Assets:US:Vanguard:RGAGX                          5.600 RGAGX {128.57 USD, 2020-03-02}
  Assets:US:Vanguard:Cash                         -719.99 USD                            

2020-03-02 * "Investing 40% of cash in VBMPX"
  Assets:US:Vanguard:VBMPX                          1.608 VBMPX {149.31 USD, 2020-03-02}
  Assets:US:Vanguard:Cash                         -240.09 USD                            

2020-03-02 * "Investing 60% of cash in RGAGX"
  Assets:US:Vanguard:RGAGX                          2.800 RGAGX {128.57 USD, 2020-03-02}
  Assets:US:Vanguard:Cash                         -360.00 USD                            

2020-03-13 * "Employer match for contribution"
  Assets:US:Vanguard:Cash                          600.00 USD
  Income:US:Hooli:Match401k                       -600.00 USD

2020-03-16 * "Investing 40% of cash in VBMPX"
  Assets:US:Vanguard:VBMPX                          3.379 VBMPX {142.05 USD, 2020-03-16}
  Assets:US:Vanguard:Cash                         -479.99 USD                            

2020-03-16 * "Investing 60% of cash in RGAGX"
  Assets:US:Vanguard:RGAGX                          5.625 RGAGX {127.99 USD, 2020-03-16}
  Assets:US:Vanguard:Cash                         -719.94 USD                            

2020-03-16 * "Investing 40% of cash in VBMPX"
  Assets:US:Vanguard:VBMPX                          1.690 VBMPX {142.05 USD, 2020-03-16}
  Assets:US:Vanguard:Cash                         -240.06 USD                            

2020-03-16 * "Investing 60% of cash in RGAGX"
  Assets:US:Vanguard:RGAGX                          2.813 RGAGX {127.99 USD, 2020-03-16}
  Assets:US:Vanguard:Cash                         -360.04 USD                            

2020-03-27 * "Employer match for contribution"
  Assets:US:Vanguard:Cash                          600.00 USD
  Income:US:Hooli:Match401k                       -600.00 USD

2020-03-30 * "Investing 40% of cash in VBMPX"
  Assets:US:Vanguard:VBMPX                          3.346 VBMPX {143.45 USD, 2020-03-30}
  Assets:US:Vanguard:Cash                         -479.98 USD                            

2020-03-30 * "Investing 60% of cash in RGAGX"
  Assets:US:Vanguard:RGAGX                          5.560 RGAGX {129.50 USD, 2020-03-30}
  Assets:US:Vanguard:Cash                         -720.02 USD                            

2020-03-30 * "Investing 40% of cash in VBMPX"
  Assets:US:Vanguard:VBMPX                          1.673 VBMPX {143.45 USD, 2020-03-30}
  Assets:US:Vanguard:Cash                         -239.99 USD                            

2020-03-30 * "Investing 60% of cash in RGAGX"
  Assets:US:Vanguard:RGAGX                          2.780 RGAGX {129.50 USD, 2020-03-30}
  Assets:US:Vanguard:Cash                         -360.01 USD                            

2020-04-10 * "Employer match for contribution"
  Assets:US:Vanguard:Cash                          600.00 USD
  Income:US:Hooli:Match401k                       -600.00 USD

2020-04-13 * "Investing 40% of cash in VBMPX"
  Assets:US:Vanguard:VBMPX                          3.382 VBMPX {141.92 USD, 2020-04-13}
  Assets:US:Vanguard:Cash                         -479.97 USD                            

2020-04-13 * "Investing 60% of cash in RGAGX"
  Assets:US:Vanguard:RGAGX                          5.525 RGAGX {130.30 USD, 2020-04-13}
  Assets:US:Vanguard:Cash                         -719.91 USD                            

2020-04-13 * "Investing 40% of cash in VBMPX"
  Assets:US:Vanguard:VBMPX                          1.691 VBMPX {141.92 USD, 2020-04-13}
  Assets:US:Vanguard:Cash                         -239.99 USD                            

2020-04-13 * "Investing 60% of cash in RGAGX"
  Assets:US:Vanguard:RGAGX                          2.763 RGAGX {130.30 USD, 2020-04-13}
  Assets:US:Vanguard:Cash                         -360.02 USD                            

2020-04-24 * "Employer match for contribution"
  Assets:US:Vanguard:Cash                          600.00 USD
  Income:US:Hooli:Match401k                       -600.00 USD

2020-04-27 * "Investing 40% of cash in VBMPX"
  Assets:US:Vanguard:VBMPX                          3.254 VBMPX {147.53 USD, 2020-04-27}
  Assets:US:Vanguard:Cash                         -480.06 USD                            

2020-04-27 * "Investing 60% of cash in RGAGX"
  Assets:US:Vanguard:RGAGX                          5.550 RGAGX {129.74 USD, 2020-04-27}
  Assets:US:Vanguard:Cash                         -720.06 USD                            

2020-04-27 * "Investing 40% of cash in VBMPX"
  Assets:US:Vanguard:VBMPX                          1.627 VBMPX {147.53 USD, 2020-04-27}
  Assets:US:Vanguard:Cash                         -240.03 USD                            

2020-04-27 * "Investing 60% of cash in RGAGX"
  Assets:US:Vanguard:RGAGX                          2.774 RGAGX {129.74 USD, 2020-04-27}
  Assets:US:Vanguard:Cash                         -359.90 USD                            

2020-05-08 * "Employer match for contribution"
  Assets:US:Vanguard:Cash                          600.00 USD
  Income:US:Hooli:Match401k                       -600.00 USD

2020-05-11 * "Investing 40% of cash in VBMPX"
  Assets:US:Vanguard:VBMPX                          3.100 VBMPX {154.86 USD, 2020-05-11}
  Assets:US:Vanguard:Cash                         -480.07 USD                            

2020-05-11 * "Investing 60% of cash in RGAGX"
  Assets:US:Vanguard:RGAGX                          5.546 RGAGX {129.82 USD, 2020-05-11}
  Assets:US:Vanguard:Cash                         -719.98 USD                            

2020-05-11 * "Investing 40% of cash in VBMPX"
  Assets:US:Vanguard:VBMPX                          1.550 VBMPX {154.86 USD, 2020-05-11}
  Assets:US:Vanguard:Cash                         -240.03 USD                            

2020-05-11 * "Investing 60% of cash in RGAGX"
  Assets:US:Vanguard:RGAGX                          2.773 RGAGX {129.82 USD, 2020-05-11}
  Assets:US:Vanguard:Cash                         -359.99 USD                            

2020-05-22 * "Employer match for contribution"
  Assets:US:Vanguard:Cash                          600.00 USD
  Income:US:Hooli:Match401k                       -600.00 USD

2020-05-25 * "Investing 40% of cash in VBMPX"
  Assets:US:Vanguard:VBMPX                          3.143 VBMPX {152.72 USD, 2020-05-25}
  Assets:US:Vanguard:Cash                         -480.00 USD                            

2020-05-25 * "Investing 60% of cash in RGAGX"
  Assets:US:Vanguard:RGAGX                          5.591 RGAGX {128.77 USD, 2020-05-25}
  Assets:US:Vanguard:Cash                         -719.95 USD                            

2020-05-25 * "Investing 40% of cash in VBMPX"
  Assets:US:Vanguard:VBMPX                          1.571 VBMPX {152.72 USD, 2020-05-25}
  Assets:US:Vanguard:Cash                         -239.92 USD                            

2020-05-25 * "Investing 60% of cash in RGAGX"
  Assets:US:Vanguard:RGAGX                          2.796 RGAGX {128.77 USD, 2020-05-25}
  Assets:US:Vanguard:Cash                         -360.04 USD                            

2020-06-05 * "Employer match for contribution"
  Assets:US:Vanguard:Cash                          600.00 USD
  Income:US:Hooli:Match401k                       -600.00 USD

2020-06-08 * "Investing 40% of cash in VBMPX"
  Assets:US:Vanguard:VBMPX                          3.221 VBMPX {149.02 USD, 2020-06-08}
  Assets:US:Vanguard:Cash                         -479.99 USD                            

2020-06-08 * "Investing 60% of cash in RGAGX"
  Assets:US:Vanguard:RGAGX                          5.562 RGAGX {129.45 USD, 2020-06-08}
  Assets:US:Vanguard:Cash                         -720.00 USD                            

2020-06-08 * "Investing 40% of cash in VBMPX"
  Assets:US:Vanguard:VBMPX                          1.611 VBMPX {149.02 USD, 2020-06-08}
  Assets:US:Vanguard:Cash                         -240.07 USD                            

2020-06-08 * "Investing 60% of cash in RGAGX"
  Assets:US:Vanguard:RGAGX                          2.781 RGAGX {129.45 USD, 2020-06-08}
  Assets:US:Vanguard:Cash                         -360.00 USD                            

2020-06-19 * "Employer match for contribution"
  Assets:US:Vanguard:Cash                          600.00 USD
  Income:US:Hooli:Match401k                       -600.00 USD

2020-06-22 * "Investing 40% of cash in VBMPX"
  Assets:US:Vanguard:VBMPX                          3.206 VBMPX {149.71 USD, 2020-06-22}
  Assets:US:Vanguard:Cash                         -479.97 USD                            

2020-06-22 * "Investing 60% of cash in RGAGX"
  Assets:US:Vanguard:RGAGX                          5.501 RGAGX {130.89 USD, 2020-06-22}
  Assets:US:Vanguard:Cash                         -720.03 USD                            

2020-06-22 * "Investing 40% of cash in VBMPX"
  Assets:US:Vanguard:VBMPX                          1.603 VBMPX {149.71 USD, 2020-06-22}
  Assets:US:Vanguard:Cash                         -239.99 USD                            

2020-06-22 * "Investing 60% of cash in RGAGX"
  Assets:US:Vanguard:RGAGX                          2.750 RGAGX {130.89 USD, 2020-06-22}
  Assets:US:Vanguard:Cash                         -359.95 USD                            

2020-07-03 * "Employer match for contribution"
  Assets:US:Vanguard:Cash                          600.00 USD
  Income:US:Hooli:Match401k                       -600.00 USD

2020-07-06 * "Investing 40% of cash in VBMPX"
  Assets:US:Vanguard:VBMPX                          3.292 VBMPX {145.82 USD, 2020-07-06}
  Assets:US:Vanguard:Cash                         -480.04 USD                            

2020-07-06 * "Investing 60% of cash in RGAGX"
  Assets:US:Vanguard:RGAGX                          5.544 RGAGX {129.87 USD, 2020-07-06}
  Assets:US:Vanguard:Cash                         -720.00 USD                            

2020-07-06 * "Investing 40% of cash in VBMPX"
  Assets:US:Vanguard:VBMPX                          1.646 VBMPX {145.82 USD, 2020-07-06}
  Assets:US:Vanguard:Cash                         -240.02 USD                            

2020-07-06 * "Investing 60% of cash in RGAGX"
  Assets:US:Vanguard:RGAGX                          2.772 RGAGX {129.87 USD, 2020-07-06}
  Assets:US:Vanguard:Cash                         -360.00 USD                            

2020-07-17 * "Employer match for contribution"
  Assets:US:Vanguard:Cash                          600.00 USD
  Income:US:Hooli:Match401k                       -600.00 USD

2020-07-20 * "Investing 40% of cash in VBMPX"
  Assets:US:Vanguard:VBMPX                          3.198 VBMPX {150.07 USD, 2020-07-20}
  Assets:US:Vanguard:Cash                         -479.92 USD                            

2020-07-20 * "Investing 60% of cash in RGAGX"
  Assets:US:Vanguard:RGAGX                          5.488 RGAGX {131.20 USD, 2020-07-20}
  Assets:US:Vanguard:Cash                         -720.03 USD                            

2020-07-20 * "Investing 40% of cash in VBMPX"
  Assets:US:Vanguard:VBMPX                          1.599 VBMPX {150.07 USD, 2020-07-20}
  Assets:US:Vanguard:Cash                         -239.96 USD                            

2020-07-20 * "Investing 60% of cash in RGAGX"
  Assets:US:Vanguard:RGAGX                          2.744 RGAGX {131.20 USD, 2020-07-20}
  Assets:US:Vanguard:Cash                         -360.01 USD                            

2020-07-31 * "Employer match for contribution"
  Assets:US:Vanguard:Cash                          250.00 USD
  Income:US:Hooli:Match401k                       -250.00 USD

2020-08-03 * "Investing 40% of cash in VBMPX"
  Assets:US:Vanguard:VBMPX                          1.333 VBMPX {150.04 USD, 2020-08-03}
  Assets:US:Vanguard:Cash                         -200.00 USD                            

2020-08-03 * "Investing 60% of cash in RGAGX"
  Assets:US:Vanguard:RGAGX                          2.305 RGAGX {130.18 USD, 2020-08-03}
  Assets:US:Vanguard:Cash                         -300.06 USD                            

2020-08-03 * "Investing 40% of cash in VBMPX"
  Assets:US:Vanguard:VBMPX                          0.666 VBMPX {150.04 USD, 2020-08-03}
  Assets:US:Vanguard:Cash                          -99.93 USD                            

2020-08-03 * "Investing 60% of cash in RGAGX"
  Assets:US:Vanguard:RGAGX                          1.152 RGAGX {130.18 USD, 2020-08-03}
  Assets:US:Vanguard:Cash                         -149.97 USD                            



* Sources of Income

2018-01-01 open Income:US:Hooli:Salary                      USD
2018-01-01 open Income:US:Hooli:GroupTermLife               USD
2018-01-01 open Income:US:Hooli:Vacation                    VACHR
2018-01-01 open Assets:US:Hooli:Vacation                    VACHR
2018-01-01 open Expenses:Vacation                               VACHR
2018-01-01 open Expenses:Health:Life:GroupTermLife
2018-01-01 open Expenses:Health:Medical:Insurance
2018-01-01 open Expenses:Health:Dental:Insurance
2018-01-01 open Expenses:Health:Vision:Insurance

2018-01-01 event "employer" "Hooli, 1 Carloston Rd, Mountain Beer, CA"

2018-01-04 * "Hooli" "Payroll"
  Assets:US:BofA:Checking                         1350.60 USD   
  Assets:US:Vanguard:Cash                         1200.00 USD   
  Income:US:Hooli:Salary                         -4615.38 USD   
  Income:US:Hooli:GroupTermLife                    -24.32 USD   
  Expenses:Health:Life:GroupTermLife                24.32 USD   
  Expenses:Health:Dental:Insurance                   2.90 USD   
  Expenses:Health:Medical:Insurance                 27.38 USD   
  Expenses:Health:Vision:Insurance                  42.30 USD   
  Expenses:Taxes:Y2018:US:Medicare                 106.62 USD   
  Expenses:Taxes:Y2018:US:Federal                 1062.92 USD   
  Expenses:Taxes:Y2018:US:State                    365.08 USD   
  Expenses:Taxes:Y2018:US:CityNYC                  174.92 USD   
  Expenses:Taxes:Y2018:US:SDI                        1.12 USD   
  Expenses:Taxes:Y2018:US:SocSec                   281.54 USD   
  Assets:US:Federal:PreTax401k                   -1200.00 IRAUSD
  Expenses:Taxes:Y2018:US:Federal:PreTax401k      1200.00 IRAUSD
  Assets:US:Hooli:Vacation                              5 VACHR 
  Income:US:Hooli:Vacation                             -5 VACHR 

2018-01-18 * "Hooli" "Payroll"
  Assets:US:BofA:Checking                         1350.60 USD   
  Assets:US:Vanguard:Cash                         1200.00 USD   
  Income:US:Hooli:Salary                         -4615.38 USD   
  Income:US:Hooli:GroupTermLife                    -24.32 USD   
  Expenses:Health:Life:GroupTermLife                24.32 USD   
  Expenses:Health:Dental:Insurance                   2.90 USD   
  Expenses:Health:Medical:Insurance                 27.38 USD   
  Expenses:Health:Vision:Insurance                  42.30 USD   
  Expenses:Taxes:Y2018:US:Medicare                 106.62 USD   
  Expenses:Taxes:Y2018:US:Federal                 1062.92 USD   
  Expenses:Taxes:Y2018:US:State                    365.08 USD   
  Expenses:Taxes:Y2018:US:CityNYC                  174.92 USD   
  Expenses:Taxes:Y2018:US:SDI                        1.12 USD   
  Expenses:Taxes:Y2018:US:SocSec                   281.54 USD   
  Assets:US:Federal:PreTax401k                   -1200.00 IRAUSD
  Expenses:Taxes:Y2018:US:Federal:PreTax401k      1200.00 IRAUSD
  Assets:US:Hooli:Vacation                              5 VACHR 
  Income:US:Hooli:Vacation                             -5 VACHR 

2018-02-01 * "Hooli" "Payroll"
  Assets:US:BofA:Checking                         1350.60 USD   
  Assets:US:Vanguard:Cash                         1200.00 USD   
  Income:US:Hooli:Salary                         -4615.38 USD   
  Income:US:Hooli:GroupTermLife                    -24.32 USD   
  Expenses:Health:Life:GroupTermLife                24.32 USD   
  Expenses:Health:Dental:Insurance                   2.90 USD   
  Expenses:Health:Medical:Insurance                 27.38 USD   
  Expenses:Health:Vision:Insurance                  42.30 USD   
  Expenses:Taxes:Y2018:US:Medicare                 106.62 USD   
  Expenses:Taxes:Y2018:US:Federal                 1062.92 USD   
  Expenses:Taxes:Y2018:US:State                    365.08 USD   
  Expenses:Taxes:Y2018:US:CityNYC                  174.92 USD   
  Expenses:Taxes:Y2018:US:SDI                        1.12 USD   
  Expenses:Taxes:Y2018:US:SocSec                   281.54 USD   
  Assets:US:Federal:PreTax401k                   -1200.00 IRAUSD
  Expenses:Taxes:Y2018:US:Federal:PreTax401k      1200.00 IRAUSD
  Assets:US:Hooli:Vacation                              5 VACHR 
  Income:US:Hooli:Vacation                             -5 VACHR 

2018-02-15 * "Hooli" "Payroll"
  Assets:US:BofA:Checking                         1350.60 USD   
  Assets:US:Vanguard:Cash                         1200.00 USD   
  Income:US:Hooli:Salary                         -4615.38 USD   
  Income:US:Hooli:GroupTermLife                    -24.32 USD   
  Expenses:Health:Life:GroupTermLife                24.32 USD   
  Expenses:Health:Dental:Insurance                   2.90 USD   
  Expenses:Health:Medical:Insurance                 27.38 USD   
  Expenses:Health:Vision:Insurance                  42.30 USD   
  Expenses:Taxes:Y2018:US:Medicare                 106.62 USD   
  Expenses:Taxes:Y2018:US:Federal                 1062.92 USD   
  Expenses:Taxes:Y2018:US:State                    365.08 USD   
  Expenses:Taxes:Y2018:US:CityNYC                  174.92 USD   
  Expenses:Taxes:Y2018:US:SDI                        1.12 USD   
  Expenses:Taxes:Y2018:US:SocSec                   281.54 USD   
  Assets:US:Federal:PreTax401k                   -1200.00 IRAUSD
  Expenses:Taxes:Y2018:US:Federal:PreTax401k      1200.00 IRAUSD
  Assets:US:Hooli:Vacation                              5 VACHR 
  Income:US:Hooli:Vacation                             -5 VACHR 

2018-03-01 * "Hooli" "Payroll"
  Assets:US:BofA:Checking                         1350.60 USD   
  Assets:US:Vanguard:Cash                         1200.00 USD   
  Income:US:Hooli:Salary                         -4615.38 USD   
  Income:US:Hooli:GroupTermLife                    -24.32 USD   
  Expenses:Health:Life:GroupTermLife                24.32 USD   
  Expenses:Health:Dental:Insurance                   2.90 USD   
  Expenses:Health:Medical:Insurance                 27.38 USD   
  Expenses:Health:Vision:Insurance                  42.30 USD   
  Expenses:Taxes:Y2018:US:Medicare                 106.62 USD   
  Expenses:Taxes:Y2018:US:Federal                 1062.92 USD   
  Expenses:Taxes:Y2018:US:State                    365.08 USD   
  Expenses:Taxes:Y2018:US:CityNYC                  174.92 USD   
  Expenses:Taxes:Y2018:US:SDI                        1.12 USD   
  Expenses:Taxes:Y2018:US:SocSec                   281.54 USD   
  Assets:US:Federal:PreTax401k                   -1200.00 IRAUSD
  Expenses:Taxes:Y2018:US:Federal:PreTax401k      1200.00 IRAUSD
  Assets:US:Hooli:Vacation                              5 VACHR 
  Income:US:Hooli:Vacation                             -5 VACHR 

2018-03-15 * "Hooli" "Payroll"
  Assets:US:BofA:Checking                         1350.60 USD   
  Assets:US:Vanguard:Cash                         1200.00 USD   
  Income:US:Hooli:Salary                         -4615.38 USD   
  Income:US:Hooli:GroupTermLife                    -24.32 USD   
  Expenses:Health:Life:GroupTermLife                24.32 USD   
  Expenses:Health:Dental:Insurance                   2.90 USD   
  Expenses:Health:Medical:Insurance                 27.38 USD   
  Expenses:Health:Vision:Insurance                  42.30 USD   
  Expenses:Taxes:Y2018:US:Medicare                 106.62 USD   
  Expenses:Taxes:Y2018:US:Federal                 1062.92 USD   
  Expenses:Taxes:Y2018:US:State                    365.08 USD   
  Expenses:Taxes:Y2018:US:CityNYC                  174.92 USD   
  Expenses:Taxes:Y2018:US:SDI                        1.12 USD   
  Expenses:Taxes:Y2018:US:SocSec                   281.54 USD   
  Assets:US:Federal:PreTax401k                   -1200.00 IRAUSD
  Expenses:Taxes:Y2018:US:Federal:PreTax401k      1200.00 IRAUSD
  Assets:US:Hooli:Vacation                              5 VACHR 
  Income:US:Hooli:Vacation                             -5 VACHR 

2018-03-29 * "Hooli" "Payroll"
  Assets:US:BofA:Checking                         1350.60 USD   
  Assets:US:Vanguard:Cash                         1200.00 USD   
  Income:US:Hooli:Salary                         -4615.38 USD   
  Income:US:Hooli:GroupTermLife                    -24.32 USD   
  Expenses:Health:Life:GroupTermLife                24.32 USD   
  Expenses:Health:Dental:Insurance                   2.90 USD   
  Expenses:Health:Medical:Insurance                 27.38 USD   
  Expenses:Health:Vision:Insurance                  42.30 USD   
  Expenses:Taxes:Y2018:US:Medicare                 106.62 USD   
  Expenses:Taxes:Y2018:US:Federal                 1062.92 USD   
  Expenses:Taxes:Y2018:US:State                    365.08 USD   
  Expenses:Taxes:Y2018:US:CityNYC                  174.92 USD   
  Expenses:Taxes:Y2018:US:SDI                        1.12 USD   
  Expenses:Taxes:Y2018:US:SocSec                   281.54 USD   
  Assets:US:Federal:PreTax401k                   -1200.00 IRAUSD
  Expenses:Taxes:Y2018:US:Federal:PreTax401k      1200.00 IRAUSD
  Assets:US:Hooli:Vacation                              5 VACHR 
  Income:US:Hooli:Vacation                             -5 VACHR 

2018-04-12 * "Hooli" "Payroll"
  Assets:US:BofA:Checking                         1350.60 USD   
  Assets:US:Vanguard:Cash                         1200.00 USD   
  Income:US:Hooli:Salary                         -4615.38 USD   
  Income:US:Hooli:GroupTermLife                    -24.32 USD   
  Expenses:Health:Life:GroupTermLife                24.32 USD   
  Expenses:Health:Dental:Insurance                   2.90 USD   
  Expenses:Health:Medical:Insurance                 27.38 USD   
  Expenses:Health:Vision:Insurance                  42.30 USD   
  Expenses:Taxes:Y2018:US:Medicare                 106.62 USD   
  Expenses:Taxes:Y2018:US:Federal                 1062.92 USD   
  Expenses:Taxes:Y2018:US:State                    365.08 USD   
  Expenses:Taxes:Y2018:US:CityNYC                  174.92 USD   
  Expenses:Taxes:Y2018:US:SDI                        1.12 USD   
  Expenses:Taxes:Y2018:US:SocSec                   281.54 USD   
  Assets:US:Federal:PreTax401k                   -1200.00 IRAUSD
  Expenses:Taxes:Y2018:US:Federal:PreTax401k      1200.00 IRAUSD
  Assets:US:Hooli:Vacation                              5 VACHR 
  Income:US:Hooli:Vacation                             -5 VACHR 

2018-04-26 * "Hooli" "Payroll"
  Assets:US:BofA:Checking                         1350.60 USD   
  Assets:US:Vanguard:Cash                         1200.00 USD   
  Income:US:Hooli:Salary                         -4615.38 USD   
  Income:US:Hooli:GroupTermLife                    -24.32 USD   
  Expenses:Health:Life:GroupTermLife                24.32 USD   
  Expenses:Health:Dental:Insurance                   2.90 USD   
  Expenses:Health:Medical:Insurance                 27.38 USD   
  Expenses:Health:Vision:Insurance                  42.30 USD   
  Expenses:Taxes:Y2018:US:Medicare                 106.62 USD   
  Expenses:Taxes:Y2018:US:Federal                 1062.92 USD   
  Expenses:Taxes:Y2018:US:State                    365.08 USD   
  Expenses:Taxes:Y2018:US:CityNYC                  174.92 USD   
  Expenses:Taxes:Y2018:US:SDI                        1.12 USD   
  Expenses:Taxes:Y2018:US:SocSec                   281.54 USD   
  Assets:US:Federal:PreTax401k                   -1200.00 IRAUSD
  Expenses:Taxes:Y2018:US:Federal:PreTax401k      1200.00 IRAUSD
  Assets:US:Hooli:Vacation                              5 VACHR 
  Income:US:Hooli:Vacation                             -5 VACHR 

2018-05-10 * "Hooli" "Payroll"
  Assets:US:BofA:Checking                         1350.60 USD   
  Assets:US:Vanguard:Cash                         1200.00 USD   
  Income:US:Hooli:Salary                         -4615.38 USD   
  Income:US:Hooli:GroupTermLife                    -24.32 USD   
  Expenses:Health:Life:GroupTermLife                24.32 USD   
  Expenses:Health:Dental:Insurance                   2.90 USD   
  Expenses:Health:Medical:Insurance                 27.38 USD   
  Expenses:Health:Vision:Insurance                  42.30 USD   
  Expenses:Taxes:Y2018:US:Medicare                 106.62 USD   
  Expenses:Taxes:Y2018:US:Federal                 1062.92 USD   
  Expenses:Taxes:Y2018:US:State                    365.08 USD   
  Expenses:Taxes:Y2018:US:CityNYC                  174.92 USD   
  Expenses:Taxes:Y2018:US:SDI                        1.12 USD   
  Expenses:Taxes:Y2018:US:SocSec                   281.54 USD   
  Assets:US:Federal:PreTax401k                   -1200.00 IRAUSD
  Expenses:Taxes:Y2018:US:Federal:PreTax401k      1200.00 IRAUSD
  Assets:US:Hooli:Vacation                              5 VACHR 
  Income:US:Hooli:Vacation                             -5 VACHR 

2018-05-24 * "Hooli" "Payroll"
  Assets:US:BofA:Checking                         1350.60 USD   
  Assets:US:Vanguard:Cash                         1200.00 USD   
  Income:US:Hooli:Salary                         -4615.38 USD   
  Income:US:Hooli:GroupTermLife                    -24.32 USD   
  Expenses:Health:Life:GroupTermLife                24.32 USD   
  Expenses:Health:Dental:Insurance                   2.90 USD   
  Expenses:Health:Medical:Insurance                 27.38 USD   
  Expenses:Health:Vision:Insurance                  42.30 USD   
  Expenses:Taxes:Y2018:US:Medicare                 106.62 USD   
  Expenses:Taxes:Y2018:US:Federal                 1062.92 USD   
  Expenses:Taxes:Y2018:US:State                    365.08 USD   
  Expenses:Taxes:Y2018:US:CityNYC                  174.92 USD   
  Expenses:Taxes:Y2018:US:SDI                        1.12 USD   
  Expenses:Taxes:Y2018:US:SocSec                   281.54 USD   
  Assets:US:Federal:PreTax401k                   -1200.00 IRAUSD
  Expenses:Taxes:Y2018:US:Federal:PreTax401k      1200.00 IRAUSD
  Assets:US:Hooli:Vacation                              5 VACHR 
  Income:US:Hooli:Vacation                             -5 VACHR 

2018-06-07 * "Hooli" "Payroll"
  Assets:US:BofA:Checking                         1350.60 USD   
  Assets:US:Vanguard:Cash                         1200.00 USD   
  Income:US:Hooli:Salary                         -4615.38 USD   
  Income:US:Hooli:GroupTermLife                    -24.32 USD   
  Expenses:Health:Life:GroupTermLife                24.32 USD   
  Expenses:Health:Dental:Insurance                   2.90 USD   
  Expenses:Health:Medical:Insurance                 27.38 USD   
  Expenses:Health:Vision:Insurance                  42.30 USD   
  Expenses:Taxes:Y2018:US:Medicare                 106.62 USD   
  Expenses:Taxes:Y2018:US:Federal                 1062.92 USD   
  Expenses:Taxes:Y2018:US:State                    365.08 USD   
  Expenses:Taxes:Y2018:US:CityNYC                  174.92 USD   
  Expenses:Taxes:Y2018:US:SDI                        1.12 USD   
  Expenses:Taxes:Y2018:US:SocSec                   281.54 USD   
  Assets:US:Federal:PreTax401k                   -1200.00 IRAUSD
  Expenses:Taxes:Y2018:US:Federal:PreTax401k      1200.00 IRAUSD
  Assets:US:Hooli:Vacation                              5 VACHR 
  Income:US:Hooli:Vacation                             -5 VACHR 

2018-06-21 * "Hooli" "Payroll"
  Assets:US:BofA:Checking                         1350.60 USD   
  Assets:US:Vanguard:Cash                         1200.00 USD   
  Income:US:Hooli:Salary                         -4615.38 USD   
  Income:US:Hooli:GroupTermLife                    -24.32 USD   
  Expenses:Health:Life:GroupTermLife                24.32 USD   
  Expenses:Health:Dental:Insurance                   2.90 USD   
  Expenses:Health:Medical:Insurance                 27.38 USD   
  Expenses:Health:Vision:Insurance                  42.30 USD   
  Expenses:Taxes:Y2018:US:Medicare                 106.62 USD   
  Expenses:Taxes:Y2018:US:Federal                 1062.92 USD   
  Expenses:Taxes:Y2018:US:State                    365.08 USD   
  Expenses:Taxes:Y2018:US:CityNYC                  174.92 USD   
  Expenses:Taxes:Y2018:US:SDI                        1.12 USD   
  Expenses:Taxes:Y2018:US:SocSec                   281.54 USD   
  Assets:US:Federal:PreTax401k                   -1200.00 IRAUSD
  Expenses:Taxes:Y2018:US:Federal:PreTax401k      1200.00 IRAUSD
  Assets:US:Hooli:Vacation                              5 VACHR 
  Income:US:Hooli:Vacation                             -5 VACHR 

2018-07-05 * "Hooli" "Payroll"
  Assets:US:BofA:Checking                         1350.60 USD   
  Assets:US:Vanguard:Cash                         1200.00 USD   
  Income:US:Hooli:Salary                         -4615.38 USD   
  Income:US:Hooli:GroupTermLife                    -24.32 USD   
  Expenses:Health:Life:GroupTermLife                24.32 USD   
  Expenses:Health:Dental:Insurance                   2.90 USD   
  Expenses:Health:Medical:Insurance                 27.38 USD   
  Expenses:Health:Vision:Insurance                  42.30 USD   
  Expenses:Taxes:Y2018:US:Medicare                 106.62 USD   
  Expenses:Taxes:Y2018:US:Federal                 1062.92 USD   
  Expenses:Taxes:Y2018:US:State                    365.08 USD   
  Expenses:Taxes:Y2018:US:CityNYC                  174.92 USD   
  Expenses:Taxes:Y2018:US:SDI                        1.12 USD   
  Expenses:Taxes:Y2018:US:SocSec                   281.54 USD   
  Assets:US:Federal:PreTax401k                   -1200.00 IRAUSD
  Expenses:Taxes:Y2018:US:Federal:PreTax401k      1200.00 IRAUSD
  Assets:US:Hooli:Vacation                              5 VACHR 
  Income:US:Hooli:Vacation                             -5 VACHR 

2018-07-19 * "Hooli" "Payroll"
  Assets:US:BofA:Checking                         1350.60 USD   
  Assets:US:Vanguard:Cash                         1200.00 USD   
  Income:US:Hooli:Salary                         -4615.38 USD   
  Income:US:Hooli:GroupTermLife                    -24.32 USD   
  Expenses:Health:Life:GroupTermLife                24.32 USD   
  Expenses:Health:Dental:Insurance                   2.90 USD   
  Expenses:Health:Medical:Insurance                 27.38 USD   
  Expenses:Health:Vision:Insurance                  42.30 USD   
  Expenses:Taxes:Y2018:US:Medicare                 106.62 USD   
  Expenses:Taxes:Y2018:US:Federal                 1062.92 USD   
  Expenses:Taxes:Y2018:US:State                    365.08 USD   
  Expenses:Taxes:Y2018:US:CityNYC                  174.92 USD   
  Expenses:Taxes:Y2018:US:SDI                        1.12 USD   
  Expenses:Taxes:Y2018:US:SocSec                   281.54 USD   
  Assets:US:Federal:PreTax401k                   -1200.00 IRAUSD
  Expenses:Taxes:Y2018:US:Federal:PreTax401k      1200.00 IRAUSD
  Assets:US:Hooli:Vacation                              5 VACHR 
  Income:US:Hooli:Vacation                             -5 VACHR 

2018-08-02 * "Hooli" "Payroll"
  Assets:US:BofA:Checking                         2050.60 USD   
  Assets:US:Vanguard:Cash                          500.00 USD   
  Income:US:Hooli:Salary                         -4615.38 USD   
  Income:US:Hooli:GroupTermLife                    -24.32 USD   
  Expenses:Health:Life:GroupTermLife                24.32 USD   
  Expenses:Health:Dental:Insurance                   2.90 USD   
  Expenses:Health:Medical:Insurance                 27.38 USD   
  Expenses:Health:Vision:Insurance                  42.30 USD   
  Expenses:Taxes:Y2018:US:Medicare                 106.62 USD   
  Expenses:Taxes:Y2018:US:Federal                 1062.92 USD   
  Expenses:Taxes:Y2018:US:State                    365.08 USD   
  Expenses:Taxes:Y2018:US:CityNYC                  174.92 USD   
  Expenses:Taxes:Y2018:US:SDI                        1.12 USD   
  Expenses:Taxes:Y2018:US:SocSec                   281.54 USD   
  Assets:US:Federal:PreTax401k                    -500.00 IRAUSD
  Expenses:Taxes:Y2018:US:Federal:PreTax401k       500.00 IRAUSD
  Assets:US:Hooli:Vacation                              5 VACHR 
  Income:US:Hooli:Vacation                             -5 VACHR 

2018-08-16 * "Hooli" "Payroll"
  Assets:US:BofA:Checking                         2550.60 USD   
  Income:US:Hooli:Salary                         -4615.38 USD   
  Income:US:Hooli:GroupTermLife                    -24.32 USD   
  Expenses:Health:Life:GroupTermLife                24.32 USD   
  Expenses:Health:Dental:Insurance                   2.90 USD   
  Expenses:Health:Medical:Insurance                 27.38 USD   
  Expenses:Health:Vision:Insurance                  42.30 USD   
  Expenses:Taxes:Y2018:US:Medicare                 106.62 USD   
  Expenses:Taxes:Y2018:US:Federal                 1062.92 USD   
  Expenses:Taxes:Y2018:US:State                    365.08 USD   
  Expenses:Taxes:Y2018:US:CityNYC                  174.92 USD   
  Expenses:Taxes:Y2018:US:SDI                        1.12 USD   
  Expenses:Taxes:Y2018:US:SocSec                   281.54 USD   
  Assets:US:Federal:PreTax401k                       0.00 IRAUSD
  Assets:US:Hooli:Vacation                              5 VACHR 
  Income:US:Hooli:Vacation                             -5 VACHR 

2018-08-30 * "Hooli" "Payroll"
  Assets:US:BofA:Checking                         2550.60 USD   
  Income:US:Hooli:Salary                         -4615.38 USD   
  Income:US:Hooli:GroupTermLife                    -24.32 USD   
  Expenses:Health:Life:GroupTermLife                24.32 USD   
  Expenses:Health:Dental:Insurance                   2.90 USD   
  Expenses:Health:Medical:Insurance                 27.38 USD   
  Expenses:Health:Vision:Insurance                  42.30 USD   
  Expenses:Taxes:Y2018:US:Medicare                 106.62 USD   
  Expenses:Taxes:Y2018:US:Federal                 1062.92 USD   
  Expenses:Taxes:Y2018:US:State                    365.08 USD   
  Expenses:Taxes:Y2018:US:CityNYC                  174.92 USD   
  Expenses:Taxes:Y2018:US:SDI                        1.12 USD   
  Expenses:Taxes:Y2018:US:SocSec                   281.54 USD   
  Assets:US:Federal:PreTax401k                       0.00 IRAUSD
  Assets:US:Hooli:Vacation                              5 VACHR 
  Income:US:Hooli:Vacation                             -5 VACHR 

2018-09-13 * "Hooli" "Payroll"
  Assets:US:BofA:Checking                         2550.60 USD   
  Income:US:Hooli:Salary                         -4615.38 USD   
  Income:US:Hooli:GroupTermLife                    -24.32 USD   
  Expenses:Health:Life:GroupTermLife                24.32 USD   
  Expenses:Health:Dental:Insurance                   2.90 USD   
  Expenses:Health:Medical:Insurance                 27.38 USD   
  Expenses:Health:Vision:Insurance                  42.30 USD   
  Expenses:Taxes:Y2018:US:Medicare                 106.62 USD   
  Expenses:Taxes:Y2018:US:Federal                 1062.92 USD   
  Expenses:Taxes:Y2018:US:State                    365.08 USD   
  Expenses:Taxes:Y2018:US:CityNYC                  174.92 USD   
  Expenses:Taxes:Y2018:US:SDI                        1.12 USD   
  Expenses:Taxes:Y2018:US:SocSec                   281.54 USD   
  Assets:US:Federal:PreTax401k                       0.00 IRAUSD
  Assets:US:Hooli:Vacation                              5 VACHR 
  Income:US:Hooli:Vacation                             -5 VACHR 

2018-09-27 * "Hooli" "Payroll"
  Assets:US:BofA:Checking                         2550.60 USD   
  Income:US:Hooli:Salary                         -4615.38 USD   
  Income:US:Hooli:GroupTermLife                    -24.32 USD   
  Expenses:Health:Life:GroupTermLife                24.32 USD   
  Expenses:Health:Dental:Insurance                   2.90 USD   
  Expenses:Health:Medical:Insurance                 27.38 USD   
  Expenses:Health:Vision:Insurance                  42.30 USD   
  Expenses:Taxes:Y2018:US:Medicare                 106.62 USD   
  Expenses:Taxes:Y2018:US:Federal                 1062.92 USD   
  Expenses:Taxes:Y2018:US:State                    365.08 USD   
  Expenses:Taxes:Y2018:US:CityNYC                  174.92 USD   
  Expenses:Taxes:Y2018:US:SDI                        1.12 USD   
  Expenses:Taxes:Y2018:US:SocSec                   281.54 USD   
  Assets:US:Federal:PreTax401k                       0.00 IRAUSD
  Assets:US:Hooli:Vacation                              5 VACHR 
  Income:US:Hooli:Vacation                             -5 VACHR 

2018-10-11 * "Hooli" "Payroll"
  Assets:US:BofA:Checking                         2550.60 USD   
  Income:US:Hooli:Salary                         -4615.38 USD   
  Income:US:Hooli:GroupTermLife                    -24.32 USD   
  Expenses:Health:Life:GroupTermLife                24.32 USD   
  Expenses:Health:Dental:Insurance                   2.90 USD   
  Expenses:Health:Medical:Insurance                 27.38 USD   
  Expenses:Health:Vision:Insurance                  42.30 USD   
  Expenses:Taxes:Y2018:US:Medicare                 106.62 USD   
  Expenses:Taxes:Y2018:US:Federal                 1062.92 USD   
  Expenses:Taxes:Y2018:US:State                    365.08 USD   
  Expenses:Taxes:Y2018:US:CityNYC                  174.92 USD   
  Expenses:Taxes:Y2018:US:SDI                        1.12 USD   
  Expenses:Taxes:Y2018:US:SocSec                   281.54 USD   
  Assets:US:Federal:PreTax401k                       0.00 IRAUSD
  Assets:US:Hooli:Vacation                              5 VACHR 
  Income:US:Hooli:Vacation                             -5 VACHR 

2018-10-25 * "Hooli" "Payroll"
  Assets:US:BofA:Checking                         2550.60 USD   
  Income:US:Hooli:Salary                         -4615.38 USD   
  Income:US:Hooli:GroupTermLife                    -24.32 USD   
  Expenses:Health:Life:GroupTermLife                24.32 USD   
  Expenses:Health:Dental:Insurance                   2.90 USD   
  Expenses:Health:Medical:Insurance                 27.38 USD   
  Expenses:Health:Vision:Insurance                  42.30 USD   
  Expenses:Taxes:Y2018:US:Medicare                 106.62 USD   
  Expenses:Taxes:Y2018:US:Federal                 1062.92 USD   
  Expenses:Taxes:Y2018:US:State                    365.08 USD   
  Expenses:Taxes:Y2018:US:CityNYC                  174.92 USD   
  Expenses:Taxes:Y2018:US:SDI                        1.12 USD   
  Expenses:Taxes:Y2018:US:SocSec                   281.54 USD   
  Assets:US:Federal:PreTax401k                       0.00 IRAUSD
  Assets:US:Hooli:Vacation                              5 VACHR 
  Income:US:Hooli:Vacation                             -5 VACHR 

2018-11-08 * "Hooli" "Payroll"
  Assets:US:BofA:Checking                         2550.60 USD   
  Income:US:Hooli:Salary                         -4615.38 USD   
  Income:US:Hooli:GroupTermLife                    -24.32 USD   
  Expenses:Health:Life:GroupTermLife                24.32 USD   
  Expenses:Health:Dental:Insurance                   2.90 USD   
  Expenses:Health:Medical:Insurance                 27.38 USD   
  Expenses:Health:Vision:Insurance                  42.30 USD   
  Expenses:Taxes:Y2018:US:Medicare                 106.62 USD   
  Expenses:Taxes:Y2018:US:Federal                 1062.92 USD   
  Expenses:Taxes:Y2018:US:State                    365.08 USD   
  Expenses:Taxes:Y2018:US:CityNYC                  174.92 USD   
  Expenses:Taxes:Y2018:US:SDI                        1.12 USD   
  Expenses:Taxes:Y2018:US:SocSec                   281.54 USD   
  Assets:US:Federal:PreTax401k                       0.00 IRAUSD
  Assets:US:Hooli:Vacation                              5 VACHR 
  Income:US:Hooli:Vacation                             -5 VACHR 

2018-11-22 * "Hooli" "Payroll"
  Assets:US:BofA:Checking                         2550.60 USD   
  Income:US:Hooli:Salary                         -4615.38 USD   
  Income:US:Hooli:GroupTermLife                    -24.32 USD   
  Expenses:Health:Life:GroupTermLife                24.32 USD   
  Expenses:Health:Dental:Insurance                   2.90 USD   
  Expenses:Health:Medical:Insurance                 27.38 USD   
  Expenses:Health:Vision:Insurance                  42.30 USD   
  Expenses:Taxes:Y2018:US:Medicare                 106.62 USD   
  Expenses:Taxes:Y2018:US:Federal                 1062.92 USD   
  Expenses:Taxes:Y2018:US:State                    365.08 USD   
  Expenses:Taxes:Y2018:US:CityNYC                  174.92 USD   
  Expenses:Taxes:Y2018:US:SDI                        1.12 USD   
  Expenses:Taxes:Y2018:US:SocSec                   281.54 USD   
  Assets:US:Federal:PreTax401k                       0.00 IRAUSD
  Assets:US:Hooli:Vacation                              5 VACHR 
  Income:US:Hooli:Vacation                             -5 VACHR 

2018-12-06 * "Hooli" "Payroll"
  Assets:US:BofA:Checking                         2589.06 USD   
  Income:US:Hooli:Salary                         -4615.38 USD   
  Income:US:Hooli:GroupTermLife                    -24.32 USD   
  Expenses:Health:Life:GroupTermLife                24.32 USD   
  Expenses:Health:Dental:Insurance                   2.90 USD   
  Expenses:Health:Medical:Insurance                 27.38 USD   
  Expenses:Health:Vision:Insurance                  42.30 USD   
  Expenses:Taxes:Y2018:US:Medicare                 106.62 USD   
  Expenses:Taxes:Y2018:US:Federal                 1062.92 USD   
  Expenses:Taxes:Y2018:US:State                    365.08 USD   
  Expenses:Taxes:Y2018:US:CityNYC                  174.92 USD   
  Expenses:Taxes:Y2018:US:SDI                        1.12 USD   
  Expenses:Taxes:Y2018:US:SocSec                   243.08 USD   
  Assets:US:Federal:PreTax401k                       0.00 IRAUSD
  Assets:US:Hooli:Vacation                              5 VACHR 
  Income:US:Hooli:Vacation                             -5 VACHR 

2018-12-20 * "Hooli" "Payroll"
  Assets:US:BofA:Checking                         2832.14 USD   
  Income:US:Hooli:Salary                         -4615.38 USD   
  Income:US:Hooli:GroupTermLife                    -24.32 USD   
  Expenses:Health:Life:GroupTermLife                24.32 USD   
  Expenses:Health:Dental:Insurance                   2.90 USD   
  Expenses:Health:Medical:Insurance                 27.38 USD   
  Expenses:Health:Vision:Insurance                  42.30 USD   
  Expenses:Taxes:Y2018:US:Medicare                 106.62 USD   
  Expenses:Taxes:Y2018:US:Federal                 1062.92 USD   
  Expenses:Taxes:Y2018:US:State                    365.08 USD   
  Expenses:Taxes:Y2018:US:CityNYC                  174.92 USD   
  Expenses:Taxes:Y2018:US:SDI                        1.12 USD   
  Expenses:Taxes:Y2018:US:SocSec                     0.00 USD   
  Assets:US:Federal:PreTax401k                       0.00 IRAUSD
  Assets:US:Hooli:Vacation                              5 VACHR 
  Income:US:Hooli:Vacation                             -5 VACHR 

2019-01-03 * "Hooli" "Payroll"
  Assets:US:BofA:Checking                         1350.60 USD   
  Assets:US:Vanguard:Cash                         1200.00 USD   
  Income:US:Hooli:Salary                         -4615.38 USD   
  Income:US:Hooli:GroupTermLife                    -24.32 USD   
  Expenses:Health:Life:GroupTermLife                24.32 USD   
  Expenses:Health:Dental:Insurance                   2.90 USD   
  Expenses:Health:Medical:Insurance                 27.38 USD   
  Expenses:Health:Vision:Insurance                  42.30 USD   
  Expenses:Taxes:Y2019:US:Medicare                 106.62 USD   
  Expenses:Taxes:Y2019:US:Federal                 1062.92 USD   
  Expenses:Taxes:Y2019:US:State                    365.08 USD   
  Expenses:Taxes:Y2019:US:CityNYC                  174.92 USD   
  Expenses:Taxes:Y2019:US:SDI                        1.12 USD   
  Expenses:Taxes:Y2019:US:SocSec                   281.54 USD   
  Assets:US:Federal:PreTax401k                   -1200.00 IRAUSD
  Expenses:Taxes:Y2019:US:Federal:PreTax401k      1200.00 IRAUSD
  Assets:US:Hooli:Vacation                              5 VACHR 
  Income:US:Hooli:Vacation                             -5 VACHR 

2019-01-17 * "Hooli" "Payroll"
  Assets:US:BofA:Checking                         1350.60 USD   
  Assets:US:Vanguard:Cash                         1200.00 USD   
  Income:US:Hooli:Salary                         -4615.38 USD   
  Income:US:Hooli:GroupTermLife                    -24.32 USD   
  Expenses:Health:Life:GroupTermLife                24.32 USD   
  Expenses:Health:Dental:Insurance                   2.90 USD   
  Expenses:Health:Medical:Insurance                 27.38 USD   
  Expenses:Health:Vision:Insurance                  42.30 USD   
  Expenses:Taxes:Y2019:US:Medicare                 106.62 USD   
  Expenses:Taxes:Y2019:US:Federal                 1062.92 USD   
  Expenses:Taxes:Y2019:US:State                    365.08 USD   
  Expenses:Taxes:Y2019:US:CityNYC                  174.92 USD   
  Expenses:Taxes:Y2019:US:SDI                        1.12 USD   
  Expenses:Taxes:Y2019:US:SocSec                   281.54 USD   
  Assets:US:Federal:PreTax401k                   -1200.00 IRAUSD
  Expenses:Taxes:Y2019:US:Federal:PreTax401k      1200.00 IRAUSD
  Assets:US:Hooli:Vacation                              5 VACHR 
  Income:US:Hooli:Vacation                             -5 VACHR 

2019-01-31 * "Hooli" "Payroll"
  Assets:US:BofA:Checking                         1350.60 USD   
  Assets:US:Vanguard:Cash                         1200.00 USD   
  Income:US:Hooli:Salary                         -4615.38 USD   
  Income:US:Hooli:GroupTermLife                    -24.32 USD   
  Expenses:Health:Life:GroupTermLife                24.32 USD   
  Expenses:Health:Dental:Insurance                   2.90 USD   
  Expenses:Health:Medical:Insurance                 27.38 USD   
  Expenses:Health:Vision:Insurance                  42.30 USD   
  Expenses:Taxes:Y2019:US:Medicare                 106.62 USD   
  Expenses:Taxes:Y2019:US:Federal                 1062.92 USD   
  Expenses:Taxes:Y2019:US:State                    365.08 USD   
  Expenses:Taxes:Y2019:US:CityNYC                  174.92 USD   
  Expenses:Taxes:Y2019:US:SDI                        1.12 USD   
  Expenses:Taxes:Y2019:US:SocSec                   281.54 USD   
  Assets:US:Federal:PreTax401k                   -1200.00 IRAUSD
  Expenses:Taxes:Y2019:US:Federal:PreTax401k      1200.00 IRAUSD
  Assets:US:Hooli:Vacation                              5 VACHR 
  Income:US:Hooli:Vacation                             -5 VACHR 

2019-02-14 * "Hooli" "Payroll"
  Assets:US:BofA:Checking                         1350.60 USD   
  Assets:US:Vanguard:Cash                         1200.00 USD   
  Income:US:Hooli:Salary                         -4615.38 USD   
  Income:US:Hooli:GroupTermLife                    -24.32 USD   
  Expenses:Health:Life:GroupTermLife                24.32 USD   
  Expenses:Health:Dental:Insurance                   2.90 USD   
  Expenses:Health:Medical:Insurance                 27.38 USD   
  Expenses:Health:Vision:Insurance                  42.30 USD   
  Expenses:Taxes:Y2019:US:Medicare                 106.62 USD   
  Expenses:Taxes:Y2019:US:Federal                 1062.92 USD   
  Expenses:Taxes:Y2019:US:State                    365.08 USD   
  Expenses:Taxes:Y2019:US:CityNYC                  174.92 USD   
  Expenses:Taxes:Y2019:US:SDI                        1.12 USD   
  Expenses:Taxes:Y2019:US:SocSec                   281.54 USD   
  Assets:US:Federal:PreTax401k                   -1200.00 IRAUSD
  Expenses:Taxes:Y2019:US:Federal:PreTax401k      1200.00 IRAUSD
  Assets:US:Hooli:Vacation                              5 VACHR 
  Income:US:Hooli:Vacation                             -5 VACHR 

2019-02-28 * "Hooli" "Payroll"
  Assets:US:BofA:Checking                         1350.60 USD   
  Assets:US:Vanguard:Cash                         1200.00 USD   
  Income:US:Hooli:Salary                         -4615.38 USD   
  Income:US:Hooli:GroupTermLife                    -24.32 USD   
  Expenses:Health:Life:GroupTermLife                24.32 USD   
  Expenses:Health:Dental:Insurance                   2.90 USD   
  Expenses:Health:Medical:Insurance                 27.38 USD   
  Expenses:Health:Vision:Insurance                  42.30 USD   
  Expenses:Taxes:Y2019:US:Medicare                 106.62 USD   
  Expenses:Taxes:Y2019:US:Federal                 1062.92 USD   
  Expenses:Taxes:Y2019:US:State                    365.08 USD   
  Expenses:Taxes:Y2019:US:CityNYC                  174.92 USD   
  Expenses:Taxes:Y2019:US:SDI                        1.12 USD   
  Expenses:Taxes:Y2019:US:SocSec                   281.54 USD   
  Assets:US:Federal:PreTax401k                   -1200.00 IRAUSD
  Expenses:Taxes:Y2019:US:Federal:PreTax401k      1200.00 IRAUSD
  Assets:US:Hooli:Vacation                              5 VACHR 
  Income:US:Hooli:Vacation                             -5 VACHR 

2019-03-14 * "Hooli" "Payroll"
  Assets:US:BofA:Checking                         1350.60 USD   
  Assets:US:Vanguard:Cash                         1200.00 USD   
  Income:US:Hooli:Salary                         -4615.38 USD   
  Income:US:Hooli:GroupTermLife                    -24.32 USD   
  Expenses:Health:Life:GroupTermLife                24.32 USD   
  Expenses:Health:Dental:Insurance                   2.90 USD   
  Expenses:Health:Medical:Insurance                 27.38 USD   
  Expenses:Health:Vision:Insurance                  42.30 USD   
  Expenses:Taxes:Y2019:US:Medicare                 106.62 USD   
  Expenses:Taxes:Y2019:US:Federal                 1062.92 USD   
  Expenses:Taxes:Y2019:US:State                    365.08 USD   
  Expenses:Taxes:Y2019:US:CityNYC                  174.92 USD   
  Expenses:Taxes:Y2019:US:SDI                        1.12 USD   
  Expenses:Taxes:Y2019:US:SocSec                   281.54 USD   
  Assets:US:Federal:PreTax401k                   -1200.00 IRAUSD
  Expenses:Taxes:Y2019:US:Federal:PreTax401k      1200.00 IRAUSD
  Assets:US:Hooli:Vacation                              5 VACHR 
  Income:US:Hooli:Vacation                             -5 VACHR 

2019-03-28 * "Hooli" "Payroll"
  Assets:US:BofA:Checking                         1350.60 USD   
  Assets:US:Vanguard:Cash                         1200.00 USD   
  Income:US:Hooli:Salary                         -4615.38 USD   
  Income:US:Hooli:GroupTermLife                    -24.32 USD   
  Expenses:Health:Life:GroupTermLife                24.32 USD   
  Expenses:Health:Dental:Insurance                   2.90 USD   
  Expenses:Health:Medical:Insurance                 27.38 USD   
  Expenses:Health:Vision:Insurance                  42.30 USD   
  Expenses:Taxes:Y2019:US:Medicare                 106.62 USD   
  Expenses:Taxes:Y2019:US:Federal                 1062.92 USD   
  Expenses:Taxes:Y2019:US:State                    365.08 USD   
  Expenses:Taxes:Y2019:US:CityNYC                  174.92 USD   
  Expenses:Taxes:Y2019:US:SDI                        1.12 USD   
  Expenses:Taxes:Y2019:US:SocSec                   281.54 USD   
  Assets:US:Federal:PreTax401k                   -1200.00 IRAUSD
  Expenses:Taxes:Y2019:US:Federal:PreTax401k      1200.00 IRAUSD
  Assets:US:Hooli:Vacation                              5 VACHR 
  Income:US:Hooli:Vacation                             -5 VACHR 

2019-04-11 * "Hooli" "Payroll"
  Assets:US:BofA:Checking                         1350.60 USD   
  Assets:US:Vanguard:Cash                         1200.00 USD   
  Income:US:Hooli:Salary                         -4615.38 USD   
  Income:US:Hooli:GroupTermLife                    -24.32 USD   
  Expenses:Health:Life:GroupTermLife                24.32 USD   
  Expenses:Health:Dental:Insurance                   2.90 USD   
  Expenses:Health:Medical:Insurance                 27.38 USD   
  Expenses:Health:Vision:Insurance                  42.30 USD   
  Expenses:Taxes:Y2019:US:Medicare                 106.62 USD   
  Expenses:Taxes:Y2019:US:Federal                 1062.92 USD   
  Expenses:Taxes:Y2019:US:State                    365.08 USD   
  Expenses:Taxes:Y2019:US:CityNYC                  174.92 USD   
  Expenses:Taxes:Y2019:US:SDI                        1.12 USD   
  Expenses:Taxes:Y2019:US:SocSec                   281.54 USD   
  Assets:US:Federal:PreTax401k                   -1200.00 IRAUSD
  Expenses:Taxes:Y2019:US:Federal:PreTax401k      1200.00 IRAUSD
  Assets:US:Hooli:Vacation                              5 VACHR 
  Income:US:Hooli:Vacation                             -5 VACHR 

2019-04-25 * "Hooli" "Payroll"
  Assets:US:BofA:Checking                         1350.60 USD   
  Assets:US:Vanguard:Cash                         1200.00 USD   
  Income:US:Hooli:Salary                         -4615.38 USD   
  Income:US:Hooli:GroupTermLife                    -24.32 USD   
  Expenses:Health:Life:GroupTermLife                24.32 USD   
  Expenses:Health:Dental:Insurance                   2.90 USD   
  Expenses:Health:Medical:Insurance                 27.38 USD   
  Expenses:Health:Vision:Insurance                  42.30 USD   
  Expenses:Taxes:Y2019:US:Medicare                 106.62 USD   
  Expenses:Taxes:Y2019:US:Federal                 1062.92 USD   
  Expenses:Taxes:Y2019:US:State                    365.08 USD   
  Expenses:Taxes:Y2019:US:CityNYC                  174.92 USD   
  Expenses:Taxes:Y2019:US:SDI                        1.12 USD   
  Expenses:Taxes:Y2019:US:SocSec                   281.54 USD   
  Assets:US:Federal:PreTax401k                   -1200.00 IRAUSD
  Expenses:Taxes:Y2019:US:Federal:PreTax401k      1200.00 IRAUSD
  Assets:US:Hooli:Vacation                              5 VACHR 
  Income:US:Hooli:Vacation                             -5 VACHR 

2019-05-09 * "Hooli" "Payroll"
  Assets:US:BofA:Checking                         1350.60 USD   
  Assets:US:Vanguard:Cash                         1200.00 USD   
  Income:US:Hooli:Salary                         -4615.38 USD   
  Income:US:Hooli:GroupTermLife                    -24.32 USD   
  Expenses:Health:Life:GroupTermLife                24.32 USD   
  Expenses:Health:Dental:Insurance                   2.90 USD   
  Expenses:Health:Medical:Insurance                 27.38 USD   
  Expenses:Health:Vision:Insurance                  42.30 USD   
  Expenses:Taxes:Y2019:US:Medicare                 106.62 USD   
  Expenses:Taxes:Y2019:US:Federal                 1062.92 USD   
  Expenses:Taxes:Y2019:US:State                    365.08 USD   
  Expenses:Taxes:Y2019:US:CityNYC                  174.92 USD   
  Expenses:Taxes:Y2019:US:SDI                        1.12 USD   
  Expenses:Taxes:Y2019:US:SocSec                   281.54 USD   
  Assets:US:Federal:PreTax401k                   -1200.00 IRAUSD
  Expenses:Taxes:Y2019:US:Federal:PreTax401k      1200.00 IRAUSD
  Assets:US:Hooli:Vacation                              5 VACHR 
  Income:US:Hooli:Vacation                             -5 VACHR 

2019-05-23 * "Hooli" "Payroll"
  Assets:US:BofA:Checking                         1350.60 USD   
  Assets:US:Vanguard:Cash                         1200.00 USD   
  Income:US:Hooli:Salary                         -4615.38 USD   
  Income:US:Hooli:GroupTermLife                    -24.32 USD   
  Expenses:Health:Life:GroupTermLife                24.32 USD   
  Expenses:Health:Dental:Insurance                   2.90 USD   
  Expenses:Health:Medical:Insurance                 27.38 USD   
  Expenses:Health:Vision:Insurance                  42.30 USD   
  Expenses:Taxes:Y2019:US:Medicare                 106.62 USD   
  Expenses:Taxes:Y2019:US:Federal                 1062.92 USD   
  Expenses:Taxes:Y2019:US:State                    365.08 USD   
  Expenses:Taxes:Y2019:US:CityNYC                  174.92 USD   
  Expenses:Taxes:Y2019:US:SDI                        1.12 USD   
  Expenses:Taxes:Y2019:US:SocSec                   281.54 USD   
  Assets:US:Federal:PreTax401k                   -1200.00 IRAUSD
  Expenses:Taxes:Y2019:US:Federal:PreTax401k      1200.00 IRAUSD
  Assets:US:Hooli:Vacation                              5 VACHR 
  Income:US:Hooli:Vacation                             -5 VACHR 

2019-06-06 * "Hooli" "Payroll"
  Assets:US:BofA:Checking                         1350.60 USD   
  Assets:US:Vanguard:Cash                         1200.00 USD   
  Income:US:Hooli:Salary                         -4615.38 USD   
  Income:US:Hooli:GroupTermLife                    -24.32 USD   
  Expenses:Health:Life:GroupTermLife                24.32 USD   
  Expenses:Health:Dental:Insurance                   2.90 USD   
  Expenses:Health:Medical:Insurance                 27.38 USD   
  Expenses:Health:Vision:Insurance                  42.30 USD   
  Expenses:Taxes:Y2019:US:Medicare                 106.62 USD   
  Expenses:Taxes:Y2019:US:Federal                 1062.92 USD   
  Expenses:Taxes:Y2019:US:State                    365.08 USD   
  Expenses:Taxes:Y2019:US:CityNYC                  174.92 USD   
  Expenses:Taxes:Y2019:US:SDI                        1.12 USD   
  Expenses:Taxes:Y2019:US:SocSec                   281.54 USD   
  Assets:US:Federal:PreTax401k                   -1200.00 IRAUSD
  Expenses:Taxes:Y2019:US:Federal:PreTax401k      1200.00 IRAUSD
  Assets:US:Hooli:Vacation                              5 VACHR 
  Income:US:Hooli:Vacation                             -5 VACHR 

2019-06-20 * "Hooli" "Payroll"
  Assets:US:BofA:Checking                         1350.60 USD   
  Assets:US:Vanguard:Cash                         1200.00 USD   
  Income:US:Hooli:Salary                         -4615.38 USD   
  Income:US:Hooli:GroupTermLife                    -24.32 USD   
  Expenses:Health:Life:GroupTermLife                24.32 USD   
  Expenses:Health:Dental:Insurance                   2.90 USD   
  Expenses:Health:Medical:Insurance                 27.38 USD   
  Expenses:Health:Vision:Insurance                  42.30 USD   
  Expenses:Taxes:Y2019:US:Medicare                 106.62 USD   
  Expenses:Taxes:Y2019:US:Federal                 1062.92 USD   
  Expenses:Taxes:Y2019:US:State                    365.08 USD   
  Expenses:Taxes:Y2019:US:CityNYC                  174.92 USD   
  Expenses:Taxes:Y2019:US:SDI                        1.12 USD   
  Expenses:Taxes:Y2019:US:SocSec                   281.54 USD   
  Assets:US:Federal:PreTax401k                   -1200.00 IRAUSD
  Expenses:Taxes:Y2019:US:Federal:PreTax401k      1200.00 IRAUSD
  Assets:US:Hooli:Vacation                              5 VACHR 
  Income:US:Hooli:Vacation                             -5 VACHR 

2019-07-04 * "Hooli" "Payroll"
  Assets:US:BofA:Checking                         1350.60 USD   
  Assets:US:Vanguard:Cash                         1200.00 USD   
  Income:US:Hooli:Salary                         -4615.38 USD   
  Income:US:Hooli:GroupTermLife                    -24.32 USD   
  Expenses:Health:Life:GroupTermLife                24.32 USD   
  Expenses:Health:Dental:Insurance                   2.90 USD   
  Expenses:Health:Medical:Insurance                 27.38 USD   
  Expenses:Health:Vision:Insurance                  42.30 USD   
  Expenses:Taxes:Y2019:US:Medicare                 106.62 USD   
  Expenses:Taxes:Y2019:US:Federal                 1062.92 USD   
  Expenses:Taxes:Y2019:US:State                    365.08 USD   
  Expenses:Taxes:Y2019:US:CityNYC                  174.92 USD   
  Expenses:Taxes:Y2019:US:SDI                        1.12 USD   
  Expenses:Taxes:Y2019:US:SocSec                   281.54 USD   
  Assets:US:Federal:PreTax401k                   -1200.00 IRAUSD
  Expenses:Taxes:Y2019:US:Federal:PreTax401k      1200.00 IRAUSD
  Assets:US:Hooli:Vacation                              5 VACHR 
  Income:US:Hooli:Vacation                             -5 VACHR 

2019-07-18 * "Hooli" "Payroll"
  Assets:US:BofA:Checking                         1350.60 USD   
  Assets:US:Vanguard:Cash                         1200.00 USD   
  Income:US:Hooli:Salary                         -4615.38 USD   
  Income:US:Hooli:GroupTermLife                    -24.32 USD   
  Expenses:Health:Life:GroupTermLife                24.32 USD   
  Expenses:Health:Dental:Insurance                   2.90 USD   
  Expenses:Health:Medical:Insurance                 27.38 USD   
  Expenses:Health:Vision:Insurance                  42.30 USD   
  Expenses:Taxes:Y2019:US:Medicare                 106.62 USD   
  Expenses:Taxes:Y2019:US:Federal                 1062.92 USD   
  Expenses:Taxes:Y2019:US:State                    365.08 USD   
  Expenses:Taxes:Y2019:US:CityNYC                  174.92 USD   
  Expenses:Taxes:Y2019:US:SDI                        1.12 USD   
  Expenses:Taxes:Y2019:US:SocSec                   281.54 USD   
  Assets:US:Federal:PreTax401k                   -1200.00 IRAUSD
  Expenses:Taxes:Y2019:US:Federal:PreTax401k      1200.00 IRAUSD
  Assets:US:Hooli:Vacation                              5 VACHR 
  Income:US:Hooli:Vacation                             -5 VACHR 

2019-08-01 * "Hooli" "Payroll"
  Assets:US:BofA:Checking                         2050.60 USD   
  Assets:US:Vanguard:Cash                          500.00 USD   
  Income:US:Hooli:Salary                         -4615.38 USD   
  Income:US:Hooli:GroupTermLife                    -24.32 USD   
  Expenses:Health:Life:GroupTermLife                24.32 USD   
  Expenses:Health:Dental:Insurance                   2.90 USD   
  Expenses:Health:Medical:Insurance                 27.38 USD   
  Expenses:Health:Vision:Insurance                  42.30 USD   
  Expenses:Taxes:Y2019:US:Medicare                 106.62 USD   
  Expenses:Taxes:Y2019:US:Federal                 1062.92 USD   
  Expenses:Taxes:Y2019:US:State                    365.08 USD   
  Expenses:Taxes:Y2019:US:CityNYC                  174.92 USD   
  Expenses:Taxes:Y2019:US:SDI                        1.12 USD   
  Expenses:Taxes:Y2019:US:SocSec                   281.54 USD   
  Assets:US:Federal:PreTax401k                    -500.00 IRAUSD
  Expenses:Taxes:Y2019:US:Federal:PreTax401k       500.00 IRAUSD
  Assets:US:Hooli:Vacation                              5 VACHR 
  Income:US:Hooli:Vacation                             -5 VACHR 

2019-08-15 * "Hooli" "Payroll"
  Assets:US:BofA:Checking                         2550.60 USD   
  Income:US:Hooli:Salary                         -4615.38 USD   
  Income:US:Hooli:GroupTermLife                    -24.32 USD   
  Expenses:Health:Life:GroupTermLife                24.32 USD   
  Expenses:Health:Dental:Insurance                   2.90 USD   
  Expenses:Health:Medical:Insurance                 27.38 USD   
  Expenses:Health:Vision:Insurance                  42.30 USD   
  Expenses:Taxes:Y2019:US:Medicare                 106.62 USD   
  Expenses:Taxes:Y2019:US:Federal                 1062.92 USD   
  Expenses:Taxes:Y2019:US:State                    365.08 USD   
  Expenses:Taxes:Y2019:US:CityNYC                  174.92 USD   
  Expenses:Taxes:Y2019:US:SDI                        1.12 USD   
  Expenses:Taxes:Y2019:US:SocSec                   281.54 USD   
  Assets:US:Federal:PreTax401k                       0.00 IRAUSD
  Assets:US:Hooli:Vacation                              5 VACHR 
  Income:US:Hooli:Vacation                             -5 VACHR 

2019-08-29 * "Hooli" "Payroll"
  Assets:US:BofA:Checking                         2550.60 USD   
  Income:US:Hooli:Salary                         -4615.38 USD   
  Income:US:Hooli:GroupTermLife                    -24.32 USD   
  Expenses:Health:Life:GroupTermLife                24.32 USD   
  Expenses:Health:Dental:Insurance                   2.90 USD   
  Expenses:Health:Medical:Insurance                 27.38 USD   
  Expenses:Health:Vision:Insurance                  42.30 USD   
  Expenses:Taxes:Y2019:US:Medicare                 106.62 USD   
  Expenses:Taxes:Y2019:US:Federal                 1062.92 USD   
  Expenses:Taxes:Y2019:US:State                    365.08 USD   
  Expenses:Taxes:Y2019:US:CityNYC                  174.92 USD   
  Expenses:Taxes:Y2019:US:SDI                        1.12 USD   
  Expenses:Taxes:Y2019:US:SocSec                   281.54 USD   
  Assets:US:Federal:PreTax401k                       0.00 IRAUSD
  Assets:US:Hooli:Vacation                              5 VACHR 
  Income:US:Hooli:Vacation                             -5 VACHR 

2019-09-12 * "Hooli" "Payroll"
  Assets:US:BofA:Checking                         2550.60 USD   
  Income:US:Hooli:Salary                         -4615.38 USD   
  Income:US:Hooli:GroupTermLife                    -24.32 USD   
  Expenses:Health:Life:GroupTermLife                24.32 USD   
  Expenses:Health:Dental:Insurance                   2.90 USD   
  Expenses:Health:Medical:Insurance                 27.38 USD   
  Expenses:Health:Vision:Insurance                  42.30 USD   
  Expenses:Taxes:Y2019:US:Medicare                 106.62 USD   
  Expenses:Taxes:Y2019:US:Federal                 1062.92 USD   
  Expenses:Taxes:Y2019:US:State                    365.08 USD   
  Expenses:Taxes:Y2019:US:CityNYC                  174.92 USD   
  Expenses:Taxes:Y2019:US:SDI                        1.12 USD   
  Expenses:Taxes:Y2019:US:SocSec                   281.54 USD   
  Assets:US:Federal:PreTax401k                       0.00 IRAUSD
  Assets:US:Hooli:Vacation                              5 VACHR 
  Income:US:Hooli:Vacation                             -5 VACHR 

2019-09-26 * "Hooli" "Payroll"
  Assets:US:BofA:Checking                         2550.60 USD   
  Income:US:Hooli:Salary                         -4615.38 USD   
  Income:US:Hooli:GroupTermLife                    -24.32 USD   
  Expenses:Health:Life:GroupTermLife                24.32 USD   
  Expenses:Health:Dental:Insurance                   2.90 USD   
  Expenses:Health:Medical:Insurance                 27.38 USD   
  Expenses:Health:Vision:Insurance                  42.30 USD   
  Expenses:Taxes:Y2019:US:Medicare                 106.62 USD   
  Expenses:Taxes:Y2019:US:Federal                 1062.92 USD   
  Expenses:Taxes:Y2019:US:State                    365.08 USD   
  Expenses:Taxes:Y2019:US:CityNYC                  174.92 USD   
  Expenses:Taxes:Y2019:US:SDI                        1.12 USD   
  Expenses:Taxes:Y2019:US:SocSec                   281.54 USD   
  Assets:US:Federal:PreTax401k                       0.00 IRAUSD
  Assets:US:Hooli:Vacation                              5 VACHR 
  Income:US:Hooli:Vacation                             -5 VACHR 

2019-10-10 * "Hooli" "Payroll"
  Assets:US:BofA:Checking                         2550.60 USD   
  Income:US:Hooli:Salary                         -4615.38 USD   
  Income:US:Hooli:GroupTermLife                    -24.32 USD   
  Expenses:Health:Life:GroupTermLife                24.32 USD   
  Expenses:Health:Dental:Insurance                   2.90 USD   
  Expenses:Health:Medical:Insurance                 27.38 USD   
  Expenses:Health:Vision:Insurance                  42.30 USD   
  Expenses:Taxes:Y2019:US:Medicare                 106.62 USD   
  Expenses:Taxes:Y2019:US:Federal                 1062.92 USD   
  Expenses:Taxes:Y2019:US:State                    365.08 USD   
  Expenses:Taxes:Y2019:US:CityNYC                  174.92 USD   
  Expenses:Taxes:Y2019:US:SDI                        1.12 USD   
  Expenses:Taxes:Y2019:US:SocSec                   281.54 USD   
  Assets:US:Federal:PreTax401k                       0.00 IRAUSD
  Assets:US:Hooli:Vacation                              5 VACHR 
  Income:US:Hooli:Vacation                             -5 VACHR 

2019-10-24 * "Hooli" "Payroll"
  Assets:US:BofA:Checking                         2550.60 USD   
  Income:US:Hooli:Salary                         -4615.38 USD   
  Income:US:Hooli:GroupTermLife                    -24.32 USD   
  Expenses:Health:Life:GroupTermLife                24.32 USD   
  Expenses:Health:Dental:Insurance                   2.90 USD   
  Expenses:Health:Medical:Insurance                 27.38 USD   
  Expenses:Health:Vision:Insurance                  42.30 USD   
  Expenses:Taxes:Y2019:US:Medicare                 106.62 USD   
  Expenses:Taxes:Y2019:US:Federal                 1062.92 USD   
  Expenses:Taxes:Y2019:US:State                    365.08 USD   
  Expenses:Taxes:Y2019:US:CityNYC                  174.92 USD   
  Expenses:Taxes:Y2019:US:SDI                        1.12 USD   
  Expenses:Taxes:Y2019:US:SocSec                   281.54 USD   
  Assets:US:Federal:PreTax401k                       0.00 IRAUSD
  Assets:US:Hooli:Vacation                              5 VACHR 
  Income:US:Hooli:Vacation                             -5 VACHR 

2019-11-07 * "Hooli" "Payroll"
  Assets:US:BofA:Checking                         2550.60 USD   
  Income:US:Hooli:Salary                         -4615.38 USD   
  Income:US:Hooli:GroupTermLife                    -24.32 USD   
  Expenses:Health:Life:GroupTermLife                24.32 USD   
  Expenses:Health:Dental:Insurance                   2.90 USD   
  Expenses:Health:Medical:Insurance                 27.38 USD   
  Expenses:Health:Vision:Insurance                  42.30 USD   
  Expenses:Taxes:Y2019:US:Medicare                 106.62 USD   
  Expenses:Taxes:Y2019:US:Federal                 1062.92 USD   
  Expenses:Taxes:Y2019:US:State                    365.08 USD   
  Expenses:Taxes:Y2019:US:CityNYC                  174.92 USD   
  Expenses:Taxes:Y2019:US:SDI                        1.12 USD   
  Expenses:Taxes:Y2019:US:SocSec                   281.54 USD   
  Assets:US:Federal:PreTax401k                       0.00 IRAUSD
  Assets:US:Hooli:Vacation                              5 VACHR 
  Income:US:Hooli:Vacation                             -5 VACHR 

2019-11-21 * "Hooli" "Payroll"
  Assets:US:BofA:Checking                         2550.60 USD   
  Income:US:Hooli:Salary                         -4615.38 USD   
  Income:US:Hooli:GroupTermLife                    -24.32 USD   
  Expenses:Health:Life:GroupTermLife                24.32 USD   
  Expenses:Health:Dental:Insurance                   2.90 USD   
  Expenses:Health:Medical:Insurance                 27.38 USD   
  Expenses:Health:Vision:Insurance                  42.30 USD   
  Expenses:Taxes:Y2019:US:Medicare                 106.62 USD   
  Expenses:Taxes:Y2019:US:Federal                 1062.92 USD   
  Expenses:Taxes:Y2019:US:State                    365.08 USD   
  Expenses:Taxes:Y2019:US:CityNYC                  174.92 USD   
  Expenses:Taxes:Y2019:US:SDI                        1.12 USD   
  Expenses:Taxes:Y2019:US:SocSec                   281.54 USD   
  Assets:US:Federal:PreTax401k                       0.00 IRAUSD
  Assets:US:Hooli:Vacation                              5 VACHR 
  Income:US:Hooli:Vacation                             -5 VACHR 

2019-12-05 * "Hooli" "Payroll"
  Assets:US:BofA:Checking                         2589.06 USD   
  Income:US:Hooli:Salary                         -4615.38 USD   
  Income:US:Hooli:GroupTermLife                    -24.32 USD   
  Expenses:Health:Life:GroupTermLife                24.32 USD   
  Expenses:Health:Dental:Insurance                   2.90 USD   
  Expenses:Health:Medical:Insurance                 27.38 USD   
  Expenses:Health:Vision:Insurance                  42.30 USD   
  Expenses:Taxes:Y2019:US:Medicare                 106.62 USD   
  Expenses:Taxes:Y2019:US:Federal                 1062.92 USD   
  Expenses:Taxes:Y2019:US:State                    365.08 USD   
  Expenses:Taxes:Y2019:US:CityNYC                  174.92 USD   
  Expenses:Taxes:Y2019:US:SDI                        1.12 USD   
  Expenses:Taxes:Y2019:US:SocSec                   243.08 USD   
  Assets:US:Federal:PreTax401k                       0.00 IRAUSD
  Assets:US:Hooli:Vacation                              5 VACHR 
  Income:US:Hooli:Vacation                             -5 VACHR 

2019-12-19 * "Hooli" "Payroll"
  Assets:US:BofA:Checking                         2832.14 USD   
  Income:US:Hooli:Salary                         -4615.38 USD   
  Income:US:Hooli:GroupTermLife                    -24.32 USD   
  Expenses:Health:Life:GroupTermLife                24.32 USD   
  Expenses:Health:Dental:Insurance                   2.90 USD   
  Expenses:Health:Medical:Insurance                 27.38 USD   
  Expenses:Health:Vision:Insurance                  42.30 USD   
  Expenses:Taxes:Y2019:US:Medicare                 106.62 USD   
  Expenses:Taxes:Y2019:US:Federal                 1062.92 USD   
  Expenses:Taxes:Y2019:US:State                    365.08 USD   
  Expenses:Taxes:Y2019:US:CityNYC                  174.92 USD   
  Expenses:Taxes:Y2019:US:SDI                        1.12 USD   
  Expenses:Taxes:Y2019:US:SocSec                     0.00 USD   
  Assets:US:Federal:PreTax401k                       0.00 IRAUSD
  Assets:US:Hooli:Vacation                              5 VACHR 
  Income:US:Hooli:Vacation                             -5 VACHR 

2020-01-02 * "Hooli" "Payroll"
  Assets:US:BofA:Checking                         1350.60 USD   
  Assets:US:Vanguard:Cash                         1200.00 USD   
  Income:US:Hooli:Salary                         -4615.38 USD   
  Income:US:Hooli:GroupTermLife                    -24.32 USD   
  Expenses:Health:Life:GroupTermLife                24.32 USD   
  Expenses:Health:Dental:Insurance                   2.90 USD   
  Expenses:Health:Medical:Insurance                 27.38 USD   
  Expenses:Health:Vision:Insurance                  42.30 USD   
  Expenses:Taxes:Y2020:US:Medicare                 106.62 USD   
  Expenses:Taxes:Y2020:US:Federal                 1062.92 USD   
  Expenses:Taxes:Y2020:US:State                    365.08 USD   
  Expenses:Taxes:Y2020:US:CityNYC                  174.92 USD   
  Expenses:Taxes:Y2020:US:SDI                        1.12 USD   
  Expenses:Taxes:Y2020:US:SocSec                   281.54 USD   
  Assets:US:Federal:PreTax401k                   -1200.00 IRAUSD
  Expenses:Taxes:Y2020:US:Federal:PreTax401k      1200.00 IRAUSD
  Assets:US:Hooli:Vacation                              5 VACHR 
  Income:US:Hooli:Vacation                             -5 VACHR 

2020-01-16 * "Hooli" "Payroll"
  Assets:US:BofA:Checking                         1350.60 USD   
  Assets:US:Vanguard:Cash                         1200.00 USD   
  Income:US:Hooli:Salary                         -4615.38 USD   
  Income:US:Hooli:GroupTermLife                    -24.32 USD   
  Expenses:Health:Life:GroupTermLife                24.32 USD   
  Expenses:Health:Dental:Insurance                   2.90 USD   
  Expenses:Health:Medical:Insurance                 27.38 USD   
  Expenses:Health:Vision:Insurance                  42.30 USD   
  Expenses:Taxes:Y2020:US:Medicare                 106.62 USD   
  Expenses:Taxes:Y2020:US:Federal                 1062.92 USD   
  Expenses:Taxes:Y2020:US:State                    365.08 USD   
  Expenses:Taxes:Y2020:US:CityNYC                  174.92 USD   
  Expenses:Taxes:Y2020:US:SDI                        1.12 USD   
  Expenses:Taxes:Y2020:US:SocSec                   281.54 USD   
  Assets:US:Federal:PreTax401k                   -1200.00 IRAUSD
  Expenses:Taxes:Y2020:US:Federal:PreTax401k      1200.00 IRAUSD
  Assets:US:Hooli:Vacation                              5 VACHR 
  Income:US:Hooli:Vacation                             -5 VACHR 

2020-01-30 * "Hooli" "Payroll"
  Assets:US:BofA:Checking                         1350.60 USD   
  Assets:US:Vanguard:Cash                         1200.00 USD   
  Income:US:Hooli:Salary                         -4615.38 USD   
  Income:US:Hooli:GroupTermLife                    -24.32 USD   
  Expenses:Health:Life:GroupTermLife                24.32 USD   
  Expenses:Health:Dental:Insurance                   2.90 USD   
  Expenses:Health:Medical:Insurance                 27.38 USD   
  Expenses:Health:Vision:Insurance                  42.30 USD   
  Expenses:Taxes:Y2020:US:Medicare                 106.62 USD   
  Expenses:Taxes:Y2020:US:Federal                 1062.92 USD   
  Expenses:Taxes:Y2020:US:State                    365.08 USD   
  Expenses:Taxes:Y2020:US:CityNYC                  174.92 USD   
  Expenses:Taxes:Y2020:US:SDI                        1.12 USD   
  Expenses:Taxes:Y2020:US:SocSec                   281.54 USD   
  Assets:US:Federal:PreTax401k                   -1200.00 IRAUSD
  Expenses:Taxes:Y2020:US:Federal:PreTax401k      1200.00 IRAUSD
  Assets:US:Hooli:Vacation                              5 VACHR 
  Income:US:Hooli:Vacation                             -5 VACHR 

2020-02-13 * "Hooli" "Payroll"
  Assets:US:BofA:Checking                         1350.60 USD   
  Assets:US:Vanguard:Cash                         1200.00 USD   
  Income:US:Hooli:Salary                         -4615.38 USD   
  Income:US:Hooli:GroupTermLife                    -24.32 USD   
  Expenses:Health:Life:GroupTermLife                24.32 USD   
  Expenses:Health:Dental:Insurance                   2.90 USD   
  Expenses:Health:Medical:Insurance                 27.38 USD   
  Expenses:Health:Vision:Insurance                  42.30 USD   
  Expenses:Taxes:Y2020:US:Medicare                 106.62 USD   
  Expenses:Taxes:Y2020:US:Federal                 1062.92 USD   
  Expenses:Taxes:Y2020:US:State                    365.08 USD   
  Expenses:Taxes:Y2020:US:CityNYC                  174.92 USD   
  Expenses:Taxes:Y2020:US:SDI                        1.12 USD   
  Expenses:Taxes:Y2020:US:SocSec                   281.54 USD   
  Assets:US:Federal:PreTax401k                   -1200.00 IRAUSD
  Expenses:Taxes:Y2020:US:Federal:PreTax401k      1200.00 IRAUSD
  Assets:US:Hooli:Vacation                              5 VACHR 
  Income:US:Hooli:Vacation                             -5 VACHR 

2020-02-27 * "Hooli" "Payroll"
  Assets:US:BofA:Checking                         1350.60 USD   
  Assets:US:Vanguard:Cash                         1200.00 USD   
  Income:US:Hooli:Salary                         -4615.38 USD   
  Income:US:Hooli:GroupTermLife                    -24.32 USD   
  Expenses:Health:Life:GroupTermLife                24.32 USD   
  Expenses:Health:Dental:Insurance                   2.90 USD   
  Expenses:Health:Medical:Insurance                 27.38 USD   
  Expenses:Health:Vision:Insurance                  42.30 USD   
  Expenses:Taxes:Y2020:US:Medicare                 106.62 USD   
  Expenses:Taxes:Y2020:US:Federal                 1062.92 USD   
  Expenses:Taxes:Y2020:US:State                    365.08 USD   
  Expenses:Taxes:Y2020:US:CityNYC                  174.92 USD   
  Expenses:Taxes:Y2020:US:SDI                        1.12 USD   
  Expenses:Taxes:Y2020:US:SocSec                   281.54 USD   
  Assets:US:Federal:PreTax401k                   -1200.00 IRAUSD
  Expenses:Taxes:Y2020:US:Federal:PreTax401k      1200.00 IRAUSD
  Assets:US:Hooli:Vacation                              5 VACHR 
  Income:US:Hooli:Vacation                             -5 VACHR 

2020-03-12 * "Hooli" "Payroll"
  Assets:US:BofA:Checking                         1350.60 USD   
  Assets:US:Vanguard:Cash                         1200.00 USD   
  Income:US:Hooli:Salary                         -4615.38 USD   
  Income:US:Hooli:GroupTermLife                    -24.32 USD   
  Expenses:Health:Life:GroupTermLife                24.32 USD   
  Expenses:Health:Dental:Insurance                   2.90 USD   
  Expenses:Health:Medical:Insurance                 27.38 USD   
  Expenses:Health:Vision:Insurance                  42.30 USD   
  Expenses:Taxes:Y2020:US:Medicare                 106.62 USD   
  Expenses:Taxes:Y2020:US:Federal                 1062.92 USD   
  Expenses:Taxes:Y2020:US:State                    365.08 USD   
  Expenses:Taxes:Y2020:US:CityNYC                  174.92 USD   
  Expenses:Taxes:Y2020:US:SDI                        1.12 USD   
  Expenses:Taxes:Y2020:US:SocSec                   281.54 USD   
  Assets:US:Federal:PreTax401k                   -1200.00 IRAUSD
  Expenses:Taxes:Y2020:US:Federal:PreTax401k      1200.00 IRAUSD
  Assets:US:Hooli:Vacation                              5 VACHR 
  Income:US:Hooli:Vacation                             -5 VACHR 

2020-03-26 * "Hooli" "Payroll"
  Assets:US:BofA:Checking                         1350.60 USD   
  Assets:US:Vanguard:Cash                         1200.00 USD   
  Income:US:Hooli:Salary                         -4615.38 USD   
  Income:US:Hooli:GroupTermLife                    -24.32 USD   
  Expenses:Health:Life:GroupTermLife                24.32 USD   
  Expenses:Health:Dental:Insurance                   2.90 USD   
  Expenses:Health:Medical:Insurance                 27.38 USD   
  Expenses:Health:Vision:Insurance                  42.30 USD   
  Expenses:Taxes:Y2020:US:Medicare                 106.62 USD   
  Expenses:Taxes:Y2020:US:Federal                 1062.92 USD   
  Expenses:Taxes:Y2020:US:State                    365.08 USD   
  Expenses:Taxes:Y2020:US:CityNYC                  174.92 USD   
  Expenses:Taxes:Y2020:US:SDI                        1.12 USD   
  Expenses:Taxes:Y2020:US:SocSec                   281.54 USD   
  Assets:US:Federal:PreTax401k                   -1200.00 IRAUSD
  Expenses:Taxes:Y2020:US:Federal:PreTax401k      1200.00 IRAUSD
  Assets:US:Hooli:Vacation                              5 VACHR 
  Income:US:Hooli:Vacation                             -5 VACHR 

2020-04-09 * "Hooli" "Payroll"
  Assets:US:BofA:Checking                         1350.60 USD   
  Assets:US:Vanguard:Cash                         1200.00 USD   
  Income:US:Hooli:Salary                         -4615.38 USD   
  Income:US:Hooli:GroupTermLife                    -24.32 USD   
  Expenses:Health:Life:GroupTermLife                24.32 USD   
  Expenses:Health:Dental:Insurance                   2.90 USD   
  Expenses:Health:Medical:Insurance                 27.38 USD   
  Expenses:Health:Vision:Insurance                  42.30 USD   
  Expenses:Taxes:Y2020:US:Medicare                 106.62 USD   
  Expenses:Taxes:Y2020:US:Federal                 1062.92 USD   
  Expenses:Taxes:Y2020:US:State                    365.08 USD   
  Expenses:Taxes:Y2020:US:CityNYC                  174.92 USD   
  Expenses:Taxes:Y2020:US:SDI                        1.12 USD   
  Expenses:Taxes:Y2020:US:SocSec                   281.54 USD   
  Assets:US:Federal:PreTax401k                   -1200.00 IRAUSD
  Expenses:Taxes:Y2020:US:Federal:PreTax401k      1200.00 IRAUSD
  Assets:US:Hooli:Vacation                              5 VACHR 
  Income:US:Hooli:Vacation                             -5 VACHR 

2020-04-23 * "Hooli" "Payroll"
  Assets:US:BofA:Checking                         1350.60 USD   
  Assets:US:Vanguard:Cash                         1200.00 USD   
  Income:US:Hooli:Salary                         -4615.38 USD   
  Income:US:Hooli:GroupTermLife                    -24.32 USD   
  Expenses:Health:Life:GroupTermLife                24.32 USD   
  Expenses:Health:Dental:Insurance                   2.90 USD   
  Expenses:Health:Medical:Insurance                 27.38 USD   
  Expenses:Health:Vision:Insurance                  42.30 USD   
  Expenses:Taxes:Y2020:US:Medicare                 106.62 USD   
  Expenses:Taxes:Y2020:US:Federal                 1062.92 USD   
  Expenses:Taxes:Y2020:US:State                    365.08 USD   
  Expenses:Taxes:Y2020:US:CityNYC                  174.92 USD   
  Expenses:Taxes:Y2020:US:SDI                        1.12 USD   
  Expenses:Taxes:Y2020:US:SocSec                   281.54 USD   
  Assets:US:Federal:PreTax401k                   -1200.00 IRAUSD
  Expenses:Taxes:Y2020:US:Federal:PreTax401k      1200.00 IRAUSD
  Assets:US:Hooli:Vacation                              5 VACHR 
  Income:US:Hooli:Vacation                             -5 VACHR 

2020-05-07 * "Hooli" "Payroll"
  Assets:US:BofA:Checking                         1350.60 USD   
  Assets:US:Vanguard:Cash                         1200.00 USD   
  Income:US:Hooli:Salary                         -4615.38 USD   
  Income:US:Hooli:GroupTermLife                    -24.32 USD   
  Expenses:Health:Life:GroupTermLife                24.32 USD   
  Expenses:Health:Dental:Insurance                   2.90 USD   
  Expenses:Health:Medical:Insurance                 27.38 USD   
  Expenses:Health:Vision:Insurance                  42.30 USD   
  Expenses:Taxes:Y2020:US:Medicare                 106.62 USD   
  Expenses:Taxes:Y2020:US:Federal                 1062.92 USD   
  Expenses:Taxes:Y2020:US:State                    365.08 USD   
  Expenses:Taxes:Y2020:US:CityNYC                  174.92 USD   
  Expenses:Taxes:Y2020:US:SDI                        1.12 USD   
  Expenses:Taxes:Y2020:US:SocSec                   281.54 USD   
  Assets:US:Federal:PreTax401k                   -1200.00 IRAUSD
  Expenses:Taxes:Y2020:US:Federal:PreTax401k      1200.00 IRAUSD
  Assets:US:Hooli:Vacation                              5 VACHR 
  Income:US:Hooli:Vacation                             -5 VACHR 

2020-05-21 * "Hooli" "Payroll"
  Assets:US:BofA:Checking                         1350.60 USD   
  Assets:US:Vanguard:Cash                         1200.00 USD   
  Income:US:Hooli:Salary                         -4615.38 USD   
  Income:US:Hooli:GroupTermLife                    -24.32 USD   
  Expenses:Health:Life:GroupTermLife                24.32 USD   
  Expenses:Health:Dental:Insurance                   2.90 USD   
  Expenses:Health:Medical:Insurance                 27.38 USD   
  Expenses:Health:Vision:Insurance                  42.30 USD   
  Expenses:Taxes:Y2020:US:Medicare                 106.62 USD   
  Expenses:Taxes:Y2020:US:Federal                 1062.92 USD   
  Expenses:Taxes:Y2020:US:State                    365.08 USD   
  Expenses:Taxes:Y2020:US:CityNYC                  174.92 USD   
  Expenses:Taxes:Y2020:US:SDI                        1.12 USD   
  Expenses:Taxes:Y2020:US:SocSec                   281.54 USD   
  Assets:US:Federal:PreTax401k                   -1200.00 IRAUSD
  Expenses:Taxes:Y2020:US:Federal:PreTax401k      1200.00 IRAUSD
  Assets:US:Hooli:Vacation                              5 VACHR 
  Income:US:Hooli:Vacation                             -5 VACHR 

2020-06-04 * "Hooli" "Payroll"
  Assets:US:BofA:Checking                         1350.60 USD   
  Assets:US:Vanguard:Cash                         1200.00 USD   
  Income:US:Hooli:Salary                         -4615.38 USD   
  Income:US:Hooli:GroupTermLife                    -24.32 USD   
  Expenses:Health:Life:GroupTermLife                24.32 USD   
  Expenses:Health:Dental:Insurance                   2.90 USD   
  Expenses:Health:Medical:Insurance                 27.38 USD   
  Expenses:Health:Vision:Insurance                  42.30 USD   
  Expenses:Taxes:Y2020:US:Medicare                 106.62 USD   
  Expenses:Taxes:Y2020:US:Federal                 1062.92 USD   
  Expenses:Taxes:Y2020:US:State                    365.08 USD   
  Expenses:Taxes:Y2020:US:CityNYC                  174.92 USD   
  Expenses:Taxes:Y2020:US:SDI                        1.12 USD   
  Expenses:Taxes:Y2020:US:SocSec                   281.54 USD   
  Assets:US:Federal:PreTax401k                   -1200.00 IRAUSD
  Expenses:Taxes:Y2020:US:Federal:PreTax401k      1200.00 IRAUSD
  Assets:US:Hooli:Vacation                              5 VACHR 
  Income:US:Hooli:Vacation                             -5 VACHR 

2020-06-18 * "Hooli" "Payroll"
  Assets:US:BofA:Checking                         1350.60 USD   
  Assets:US:Vanguard:Cash                         1200.00 USD   
  Income:US:Hooli:Salary                         -4615.38 USD   
  Income:US:Hooli:GroupTermLife                    -24.32 USD   
  Expenses:Health:Life:GroupTermLife                24.32 USD   
  Expenses:Health:Dental:Insurance                   2.90 USD   
  Expenses:Health:Medical:Insurance                 27.38 USD   
  Expenses:Health:Vision:Insurance                  42.30 USD   
  Expenses:Taxes:Y2020:US:Medicare                 106.62 USD   
  Expenses:Taxes:Y2020:US:Federal                 1062.92 USD   
  Expenses:Taxes:Y2020:US:State                    365.08 USD   
  Expenses:Taxes:Y2020:US:CityNYC                  174.92 USD   
  Expenses:Taxes:Y2020:US:SDI                        1.12 USD   
  Expenses:Taxes:Y2020:US:SocSec                   281.54 USD   
  Assets:US:Federal:PreTax401k                   -1200.00 IRAUSD
  Expenses:Taxes:Y2020:US:Federal:PreTax401k      1200.00 IRAUSD
  Assets:US:Hooli:Vacation                              5 VACHR 
  Income:US:Hooli:Vacation                             -5 VACHR 

2020-07-02 * "Hooli" "Payroll"
  Assets:US:BofA:Checking                         1350.60 USD   
  Assets:US:Vanguard:Cash                         1200.00 USD   
  Income:US:Hooli:Salary                         -4615.38 USD   
  Income:US:Hooli:GroupTermLife                    -24.32 USD   
  Expenses:Health:Life:GroupTermLife                24.32 USD   
  Expenses:Health:Dental:Insurance                   2.90 USD   
  Expenses:Health:Medical:Insurance                 27.38 USD   
  Expenses:Health:Vision:Insurance                  42.30 USD   
  Expenses:Taxes:Y2020:US:Medicare                 106.62 USD   
  Expenses:Taxes:Y2020:US:Federal                 1062.92 USD   
  Expenses:Taxes:Y2020:US:State                    365.08 USD   
  Expenses:Taxes:Y2020:US:CityNYC                  174.92 USD   
  Expenses:Taxes:Y2020:US:SDI                        1.12 USD   
  Expenses:Taxes:Y2020:US:SocSec                   281.54 USD   
  Assets:US:Federal:PreTax401k                   -1200.00 IRAUSD
  Expenses:Taxes:Y2020:US:Federal:PreTax401k      1200.00 IRAUSD
  Assets:US:Hooli:Vacation                              5 VACHR 
  Income:US:Hooli:Vacation                             -5 VACHR 

2020-07-16 * "Hooli" "Payroll"
  Assets:US:BofA:Checking                         1350.60 USD   
  Assets:US:Vanguard:Cash                         1200.00 USD   
  Income:US:Hooli:Salary                         -4615.38 USD   
  Income:US:Hooli:GroupTermLife                    -24.32 USD   
  Expenses:Health:Life:GroupTermLife                24.32 USD   
  Expenses:Health:Dental:Insurance                   2.90 USD   
  Expenses:Health:Medical:Insurance                 27.38 USD   
  Expenses:Health:Vision:Insurance                  42.30 USD   
  Expenses:Taxes:Y2020:US:Medicare                 106.62 USD   
  Expenses:Taxes:Y2020:US:Federal                 1062.92 USD   
  Expenses:Taxes:Y2020:US:State                    365.08 USD   
  Expenses:Taxes:Y2020:US:CityNYC                  174.92 USD   
  Expenses:Taxes:Y2020:US:SDI                        1.12 USD   
  Expenses:Taxes:Y2020:US:SocSec                   281.54 USD   
  Assets:US:Federal:PreTax401k                   -1200.00 IRAUSD
  Expenses:Taxes:Y2020:US:Federal:PreTax401k      1200.00 IRAUSD
  Assets:US:Hooli:Vacation                              5 VACHR 
  Income:US:Hooli:Vacation                             -5 VACHR 

2020-07-30 * "Hooli" "Payroll"
  Assets:US:BofA:Checking                         2050.60 USD   
  Assets:US:Vanguard:Cash                          500.00 USD   
  Income:US:Hooli:Salary                         -4615.38 USD   
  Income:US:Hooli:GroupTermLife                    -24.32 USD   
  Expenses:Health:Life:GroupTermLife                24.32 USD   
  Expenses:Health:Dental:Insurance                   2.90 USD   
  Expenses:Health:Medical:Insurance                 27.38 USD   
  Expenses:Health:Vision:Insurance                  42.30 USD   
  Expenses:Taxes:Y2020:US:Medicare                 106.62 USD   
  Expenses:Taxes:Y2020:US:Federal                 1062.92 USD   
  Expenses:Taxes:Y2020:US:State                    365.08 USD   
  Expenses:Taxes:Y2020:US:CityNYC                  174.92 USD   
  Expenses:Taxes:Y2020:US:SDI                        1.12 USD   
  Expenses:Taxes:Y2020:US:SocSec                   281.54 USD   
  Assets:US:Federal:PreTax401k                    -500.00 IRAUSD
  Expenses:Taxes:Y2020:US:Federal:PreTax401k       500.00 IRAUSD
  Assets:US:Hooli:Vacation                              5 VACHR 
  Income:US:Hooli:Vacation                             -5 VACHR 

2020-08-13 * "Hooli" "Payroll"
  Assets:US:BofA:Checking                         2550.60 USD   
  Income:US:Hooli:Salary                         -4615.38 USD   
  Income:US:Hooli:GroupTermLife                    -24.32 USD   
  Expenses:Health:Life:GroupTermLife                24.32 USD   
  Expenses:Health:Dental:Insurance                   2.90 USD   
  Expenses:Health:Medical:Insurance                 27.38 USD   
  Expenses:Health:Vision:Insurance                  42.30 USD   
  Expenses:Taxes:Y2020:US:Medicare                 106.62 USD   
  Expenses:Taxes:Y2020:US:Federal                 1062.92 USD   
  Expenses:Taxes:Y2020:US:State                    365.08 USD   
  Expenses:Taxes:Y2020:US:CityNYC                  174.92 USD   
  Expenses:Taxes:Y2020:US:SDI                        1.12 USD   
  Expenses:Taxes:Y2020:US:SocSec                   281.54 USD   
  Assets:US:Federal:PreTax401k                       0.00 IRAUSD
  Assets:US:Hooli:Vacation                              5 VACHR 
  Income:US:Hooli:Vacation                             -5 VACHR 

2020-08-27 * "Hooli" "Payroll"
  Assets:US:BofA:Checking                         2550.60 USD   
  Income:US:Hooli:Salary                         -4615.38 USD   
  Income:US:Hooli:GroupTermLife                    -24.32 USD   
  Expenses:Health:Life:GroupTermLife                24.32 USD   
  Expenses:Health:Dental:Insurance                   2.90 USD   
  Expenses:Health:Medical:Insurance                 27.38 USD   
  Expenses:Health:Vision:Insurance                  42.30 USD   
  Expenses:Taxes:Y2020:US:Medicare                 106.62 USD   
  Expenses:Taxes:Y2020:US:Federal                 1062.92 USD   
  Expenses:Taxes:Y2020:US:State                    365.08 USD   
  Expenses:Taxes:Y2020:US:CityNYC                  174.92 USD   
  Expenses:Taxes:Y2020:US:SDI                        1.12 USD   
  Expenses:Taxes:Y2020:US:SocSec                   281.54 USD   
  Assets:US:Federal:PreTax401k                       0.00 IRAUSD
  Assets:US:Hooli:Vacation                              5 VACHR 
  Income:US:Hooli:Vacation                             -5 VACHR 

2020-09-10 * "Hooli" "Payroll"
  Assets:US:BofA:Checking                         2550.60 USD   
  Income:US:Hooli:Salary                         -4615.38 USD   
  Income:US:Hooli:GroupTermLife                    -24.32 USD   
  Expenses:Health:Life:GroupTermLife                24.32 USD   
  Expenses:Health:Dental:Insurance                   2.90 USD   
  Expenses:Health:Medical:Insurance                 27.38 USD   
  Expenses:Health:Vision:Insurance                  42.30 USD   
  Expenses:Taxes:Y2020:US:Medicare                 106.62 USD   
  Expenses:Taxes:Y2020:US:Federal                 1062.92 USD   
  Expenses:Taxes:Y2020:US:State                    365.08 USD   
  Expenses:Taxes:Y2020:US:CityNYC                  174.92 USD   
  Expenses:Taxes:Y2020:US:SDI                        1.12 USD   
  Expenses:Taxes:Y2020:US:SocSec                   281.54 USD   
  Assets:US:Federal:PreTax401k                       0.00 IRAUSD
  Assets:US:Hooli:Vacation                              5 VACHR 
  Income:US:Hooli:Vacation                             -5 VACHR 

2020-09-24 * "Hooli" "Payroll"
  Assets:US:BofA:Checking                         2550.60 USD   
  Income:US:Hooli:Salary                         -4615.38 USD   
  Income:US:Hooli:GroupTermLife                    -24.32 USD   
  Expenses:Health:Life:GroupTermLife                24.32 USD   
  Expenses:Health:Dental:Insurance                   2.90 USD   
  Expenses:Health:Medical:Insurance                 27.38 USD   
  Expenses:Health:Vision:Insurance                  42.30 USD   
  Expenses:Taxes:Y2020:US:Medicare                 106.62 USD   
  Expenses:Taxes:Y2020:US:Federal                 1062.92 USD   
  Expenses:Taxes:Y2020:US:State                    365.08 USD   
  Expenses:Taxes:Y2020:US:CityNYC                  174.92 USD   
  Expenses:Taxes:Y2020:US:SDI                        1.12 USD   
  Expenses:Taxes:Y2020:US:SocSec                   281.54 USD   
  Assets:US:Federal:PreTax401k                       0.00 IRAUSD
  Assets:US:Hooli:Vacation                              5 VACHR 
  Income:US:Hooli:Vacation                             -5 VACHR 

2020-10-08 * "Hooli" "Payroll"
  Assets:US:BofA:Checking                         2550.60 USD   
  Income:US:Hooli:Salary                         -4615.38 USD   
  Income:US:Hooli:GroupTermLife                    -24.32 USD   
  Expenses:Health:Life:GroupTermLife                24.32 USD   
  Expenses:Health:Dental:Insurance                   2.90 USD   
  Expenses:Health:Medical:Insurance                 27.38 USD   
  Expenses:Health:Vision:Insurance                  42.30 USD   
  Expenses:Taxes:Y2020:US:Medicare                 106.62 USD   
  Expenses:Taxes:Y2020:US:Federal                 1062.92 USD   
  Expenses:Taxes:Y2020:US:State                    365.08 USD   
  Expenses:Taxes:Y2020:US:CityNYC                  174.92 USD   
  Expenses:Taxes:Y2020:US:SDI                        1.12 USD   
  Expenses:Taxes:Y2020:US:SocSec                   281.54 USD   
  Assets:US:Federal:PreTax401k                       0.00 IRAUSD
  Assets:US:Hooli:Vacation                              5 VACHR 
  Income:US:Hooli:Vacation                             -5 VACHR 

2020-10-22 * "Hooli" "Payroll"
  Assets:US:BofA:Checking                         2550.60 USD   
  Income:US:Hooli:Salary                         -4615.38 USD   
  Income:US:Hooli:GroupTermLife                    -24.32 USD   
  Expenses:Health:Life:GroupTermLife                24.32 USD   
  Expenses:Health:Dental:Insurance                   2.90 USD   
  Expenses:Health:Medical:Insurance                 27.38 USD   
  Expenses:Health:Vision:Insurance                  42.30 USD   
  Expenses:Taxes:Y2020:US:Medicare                 106.62 USD   
  Expenses:Taxes:Y2020:US:Federal                 1062.92 USD   
  Expenses:Taxes:Y2020:US:State                    365.08 USD   
  Expenses:Taxes:Y2020:US:CityNYC                  174.92 USD   
  Expenses:Taxes:Y2020:US:SDI                        1.12 USD   
  Expenses:Taxes:Y2020:US:SocSec                   281.54 USD   
  Assets:US:Federal:PreTax401k                       0.00 IRAUSD
  Assets:US:Hooli:Vacation                              5 VACHR 
  Income:US:Hooli:Vacation                             -5 VACHR 

2020-11-05 * "Hooli" "Payroll"
  Assets:US:BofA:Checking                         2550.60 USD   
  Income:US:Hooli:Salary                         -4615.38 USD   
  Income:US:Hooli:GroupTermLife                    -24.32 USD   
  Expenses:Health:Life:GroupTermLife                24.32 USD   
  Expenses:Health:Dental:Insurance                   2.90 USD   
  Expenses:Health:Medical:Insurance                 27.38 USD   
  Expenses:Health:Vision:Insurance                  42.30 USD   
  Expenses:Taxes:Y2020:US:Medicare                 106.62 USD   
  Expenses:Taxes:Y2020:US:Federal                 1062.92 USD   
  Expenses:Taxes:Y2020:US:State                    365.08 USD   
  Expenses:Taxes:Y2020:US:CityNYC                  174.92 USD   
  Expenses:Taxes:Y2020:US:SDI                        1.12 USD   
  Expenses:Taxes:Y2020:US:SocSec                   281.54 USD   
  Assets:US:Federal:PreTax401k                       0.00 IRAUSD
  Assets:US:Hooli:Vacation                              5 VACHR 
  Income:US:Hooli:Vacation                             -5 VACHR 

2020-11-19 * "Hooli" "Payroll"
  Assets:US:BofA:Checking                         2550.60 USD   
  Income:US:Hooli:Salary                         -4615.38 USD   
  Income:US:Hooli:GroupTermLife                    -24.32 USD   
  Expenses:Health:Life:GroupTermLife                24.32 USD   
  Expenses:Health:Dental:Insurance                   2.90 USD   
  Expenses:Health:Medical:Insurance                 27.38 USD   
  Expenses:Health:Vision:Insurance                  42.30 USD   
  Expenses:Taxes:Y2020:US:Medicare                 106.62 USD   
  Expenses:Taxes:Y2020:US:Federal                 1062.92 USD   
  Expenses:Taxes:Y2020:US:State                    365.08 USD   
  Expenses:Taxes:Y2020:US:CityNYC                  174.92 USD   
  Expenses:Taxes:Y2020:US:SDI                        1.12 USD   
  Expenses:Taxes:Y2020:US:SocSec                   281.54 USD   
  Assets:US:Federal:PreTax401k                       0.00 IRAUSD
  Assets:US:Hooli:Vacation                              5 VACHR 
  Income:US:Hooli:Vacation                             -5 VACHR 

2020-12-03 * "Hooli" "Payroll"
  Assets:US:BofA:Checking                         2589.06 USD   
  Income:US:Hooli:Salary                         -4615.38 USD   
  Income:US:Hooli:GroupTermLife                    -24.32 USD   
  Expenses:Health:Life:GroupTermLife                24.32 USD   
  Expenses:Health:Dental:Insurance                   2.90 USD   
  Expenses:Health:Medical:Insurance                 27.38 USD   
  Expenses:Health:Vision:Insurance                  42.30 USD   
  Expenses:Taxes:Y2020:US:Medicare                 106.62 USD   
  Expenses:Taxes:Y2020:US:Federal                 1062.92 USD   
  Expenses:Taxes:Y2020:US:State                    365.08 USD   
  Expenses:Taxes:Y2020:US:CityNYC                  174.92 USD   
  Expenses:Taxes:Y2020:US:SDI                        1.12 USD   
  Expenses:Taxes:Y2020:US:SocSec                   243.08 USD   
  Assets:US:Federal:PreTax401k                       0.00 IRAUSD
  Assets:US:Hooli:Vacation                              5 VACHR 
  Income:US:Hooli:Vacation                             -5 VACHR 

2020-12-17 * "Hooli" "Payroll"
  Assets:US:BofA:Checking                         2832.14 USD   
  Income:US:Hooli:Salary                         -4615.38 USD   
  Income:US:Hooli:GroupTermLife                    -24.32 USD   
  Expenses:Health:Life:GroupTermLife                24.32 USD   
  Expenses:Health:Dental:Insurance                   2.90 USD   
  Expenses:Health:Medical:Insurance                 27.38 USD   
  Expenses:Health:Vision:Insurance                  42.30 USD   
  Expenses:Taxes:Y2020:US:Medicare                 106.62 USD   
  Expenses:Taxes:Y2020:US:Federal                 1062.92 USD   
  Expenses:Taxes:Y2020:US:State                    365.08 USD   
  Expenses:Taxes:Y2020:US:CityNYC                  174.92 USD   
  Expenses:Taxes:Y2020:US:SDI                        1.12 USD   
  Expenses:Taxes:Y2020:US:SocSec                     0.00 USD   
  Assets:US:Federal:PreTax401k                       0.00 IRAUSD
  Assets:US:Hooli:Vacation                              5 VACHR 
  Income:US:Hooli:Vacation                             -5 VACHR 



* Taxes

1980-05-12 open Income:US:Federal:PreTax401k                    IRAUSD
1980-05-12 open Assets:US:Federal:PreTax401k                    IRAUSD



** Tax Year 2018

2018-01-01 open Expenses:Taxes:Y2018:US:Federal:PreTax401k      IRAUSD
2018-01-01 open Expenses:Taxes:Y2018:US:Medicare                USD
2018-01-01 open Expenses:Taxes:Y2018:US:Federal                 USD
2018-01-01 open Expenses:Taxes:Y2018:US:CityNYC                 USD
2018-01-01 open Expenses:Taxes:Y2018:US:SDI                     USD
2018-01-01 open Expenses:Taxes:Y2018:US:State                   USD
2018-01-01 open Expenses:Taxes:Y2018:US:SocSec                  USD

2018-01-01 balance Assets:US:Federal:PreTax401k         0 IRAUSD

2018-01-01 * "Allowed contributions for one year"
  Income:US:Federal:PreTax401k                     -18500 IRAUSD
  Assets:US:Federal:PreTax401k                      18500 IRAUSD

2019-03-24 * "Filing taxes for 2018"
  Expenses:Taxes:Y2018:US:Federal                  308.12 USD
  Expenses:Taxes:Y2018:US:State                    374.74 USD
  Liabilities:AccountsPayable                     -682.86 USD

2019-03-24 * "STATE TAX & FINANC PYMT"
  Assets:US:BofA:Checking                         -374.74 USD
  Liabilities:AccountsPayable                      374.74 USD

2019-03-27 * "FEDERAL TAXPYMT"
  Assets:US:BofA:Checking                         -308.12 USD
  Liabilities:AccountsPayable                      308.12 USD



** Tax Year 2019

2019-01-01 open Expenses:Taxes:Y2019:US:Federal:PreTax401k      IRAUSD
2019-01-01 open Expenses:Taxes:Y2019:US:Medicare                USD
2019-01-01 open Expenses:Taxes:Y2019:US:Federal                 USD
2019-01-01 open Expenses:Taxes:Y2019:US:CityNYC                 USD
2019-01-01 open Expenses:Taxes:Y2019:US:SDI                     USD
2019-01-01 open Expenses:Taxes:Y2019:US:State                   USD
2019-01-01 open Expenses:Taxes:Y2019:US:SocSec                  USD

2019-01-01 balance Assets:US:Federal:PreTax401k         0 IRAUSD

2019-01-01 * "Allowed contributions for one year"
  Income:US:Federal:PreTax401k                     -18500 IRAUSD
  Assets:US:Federal:PreTax401k                      18500 IRAUSD

2020-03-20 * "Filing taxes for 2019"
  Expenses:Taxes:Y2019:US:Federal                  550.13 USD
  Expenses:Taxes:Y2019:US:State                    216.35 USD
  Liabilities:AccountsPayable                     -766.48 USD

2020-03-21 * "STATE TAX & FINANC PYMT"
  Assets:US:BofA:Checking                         -216.35 USD
  Liabilities:AccountsPayable                      216.35 USD

2020-03-22 * "FEDERAL TAXPYMT"
  Assets:US:BofA:Checking                         -550.13 USD
  Liabilities:AccountsPayable                      550.13 USD



** Tax Year 2020

2020-01-01 open Expenses:Taxes:Y2020:US:Federal:PreTax401k      IRAUSD
2020-01-01 open Expenses:Taxes:Y2020:US:Medicare                USD
2020-01-01 open Expenses:Taxes:Y2020:US:Federal                 USD
2020-01-01 open Expenses:Taxes:Y2020:US:CityNYC                 USD
2020-01-01 open Expenses:Taxes:Y2020:US:SDI                     USD
2020-01-01 open Expenses:Taxes:Y2020:US:State                   USD
2020-01-01 open Expenses:Taxes:Y2020:US:SocSec                  USD

2020-01-01 balance Assets:US:Federal:PreTax401k         0 IRAUSD

2020-01-01 * "Allowed contributions for one year"
  Income:US:Federal:PreTax401k                     -18500 IRAUSD
  Assets:US:Federal:PreTax401k                      18500 IRAUSD



* Expenses

1980-05-12 open Expenses:Food:Groceries
1980-05-12 open Expenses:Food:Restaurant
1980-05-12 open Expenses:Food:Coffee
1980-05-12 open Expenses:Food:Alcohol
1980-05-12 open Expenses:Transport:Tram
1980-05-12 open Expenses:Home:Rent
1980-05-12 open Expenses:Home:Electricity
1980-05-12 open Expenses:Home:Internet
1980-05-12 open Expenses:Home:Phone
1980-05-12 open Expenses:Financial:Fees
1980-05-12 open Expenses:Financial:Commissions



* Prices

2018-01-05 price VBMPX                             112.19 USD
2018-01-05 price RGAGX                             119.05 USD
2018-01-05 price ITOT                              118.12 USD
2018-01-05 price VEA                               186.57 USD
2018-01-05 price VHT                               195.04 USD
2018-01-05 price GLD                               117.03 USD
2018-01-12 price VBMPX                             108.71 USD
2018-01-12 price RGAGX                             118.36 USD
2018-01-12 price ITOT                              113.76 USD
2018-01-12 price VEA                               187.14 USD
2018-01-12 price VHT                               193.44 USD
2018-01-12 price GLD                               119.33 USD
2018-01-19 price VBMPX                             110.35 USD
2018-01-19 price RGAGX                             118.98 USD
2018-01-19 price ITOT                              112.26 USD
2018-01-19 price VEA                               188.25 USD
2018-01-19 price VHT                               196.50 USD
2018-01-19 price GLD                               120.28 USD
2018-01-26 price VBMPX                             109.90 USD
2018-01-26 price RGAGX                             119.66 USD
2018-01-26 price ITOT                              112.47 USD
2018-01-26 price VEA                               190.89 USD
2018-01-26 price VHT                               198.39 USD
2018-01-26 price GLD                               124.66 USD
2018-02-02 price VBMPX                             110.62 USD
2018-02-02 price RGAGX                             120.84 USD
2018-02-02 price ITOT                              111.33 USD
2018-02-02 price VEA                               191.14 USD
2018-02-02 price VHT                               200.10 USD
2018-02-02 price GLD                               120.69 USD
2018-02-09 price VBMPX                             108.12 USD
2018-02-09 price RGAGX                             120.02 USD
2018-02-09 price ITOT                              113.73 USD
2018-02-09 price VEA                               192.74 USD
2018-02-09 price VHT                               200.90 USD
2018-02-09 price GLD                               122.91 USD
2018-02-16 price VBMPX                             111.67 USD
2018-02-16 price RGAGX                             119.16 USD
2018-02-16 price ITOT                              114.12 USD
2018-02-16 price VEA                               194.03 USD
2018-02-16 price VHT                               197.94 USD
2018-02-16 price GLD                               122.74 USD
2018-02-23 price VBMPX                             111.31 USD
2018-02-23 price RGAGX                             120.14 USD
2018-02-23 price ITOT                              114.88 USD
2018-02-23 price VEA                               194.75 USD
2018-02-23 price VHT                               201.85 USD
2018-02-23 price GLD                               121.55 USD
2018-03-02 price VBMPX                             112.25 USD
2018-03-02 price RGAGX                             118.84 USD
2018-03-02 price ITOT                              114.16 USD
2018-03-02 price VEA                               195.32 USD
2018-03-02 price VHT                               202.78 USD
2018-03-02 price GLD                               121.18 USD
2018-03-09 price VBMPX                             114.73 USD
2018-03-09 price RGAGX                             118.72 USD
2018-03-09 price ITOT                              112.33 USD
2018-03-09 price VEA                               192.52 USD
2018-03-09 price VHT                               204.80 USD
2018-03-09 price GLD                               119.42 USD
2018-03-16 price VBMPX                             114.68 USD
2018-03-16 price RGAGX                             118.33 USD
2018-03-16 price ITOT                              115.12 USD
2018-03-16 price VEA                               194.47 USD
2018-03-16 price VHT                               205.48 USD
2018-03-16 price GLD                               121.66 USD
2018-03-23 price VBMPX                             115.67 USD
2018-03-23 price RGAGX                             118.56 USD
2018-03-23 price ITOT                              113.20 USD
2018-03-23 price VEA                               197.31 USD
2018-03-23 price VHT                               208.25 USD
2018-03-23 price GLD                               122.27 USD
2018-03-30 price VBMPX                             117.99 USD
2018-03-30 price RGAGX                             119.86 USD
2018-03-30 price ITOT                              109.65 USD
2018-03-30 price VEA                               202.11 USD
2018-03-30 price VHT                               205.38 USD
2018-03-30 price GLD                               121.47 USD
2018-04-06 price VBMPX                             118.82 USD
2018-04-06 price RGAGX                             119.65 USD
2018-04-06 price ITOT                              108.76 USD
2018-04-06 price VEA                               200.32 USD
2018-04-06 price VHT                               205.08 USD
2018-04-06 price GLD                               118.87 USD
2018-04-13 price VBMPX                             119.28 USD
2018-04-13 price RGAGX                             119.12 USD
2018-04-13 price ITOT                              108.45 USD
2018-04-13 price VEA                               197.83 USD
2018-04-13 price VHT                               206.13 USD
2018-04-13 price GLD                               121.72 USD
2018-04-20 price VBMPX                             119.87 USD
2018-04-20 price RGAGX                             119.19 USD
2018-04-20 price ITOT                              108.64 USD
2018-04-20 price VEA                               198.30 USD
2018-04-20 price VHT                               205.56 USD
2018-04-20 price GLD                               117.83 USD
2018-04-27 price VBMPX                             122.16 USD
2018-04-27 price RGAGX                             118.67 USD
2018-04-27 price ITOT                              109.30 USD
2018-04-27 price VEA                               198.81 USD
2018-04-27 price VHT                               206.95 USD
2018-04-27 price GLD                               120.32 USD
2018-05-04 price VBMPX                             126.20 USD
2018-05-04 price RGAGX                             119.28 USD
2018-05-04 price ITOT                              107.30 USD
2018-05-04 price VEA                               197.54 USD
2018-05-04 price VHT                               208.84 USD
2018-05-04 price GLD                               122.37 USD
2018-05-11 price VBMPX                             126.30 USD
2018-05-11 price RGAGX                             119.66 USD
2018-05-11 price ITOT                              107.93 USD
2018-05-11 price VEA                               197.22 USD
2018-05-11 price VHT                               211.72 USD
2018-05-11 price GLD                               121.91 USD
2018-05-18 price VBMPX                             126.11 USD
2018-05-18 price RGAGX                             120.02 USD
2018-05-18 price ITOT                              108.34 USD
2018-05-18 price VEA                               198.91 USD
2018-05-18 price VHT                               211.88 USD
2018-05-18 price GLD                               119.73 USD
2018-05-25 price VBMPX                             127.84 USD
2018-05-25 price RGAGX                             120.63 USD
2018-05-25 price ITOT                              109.23 USD
2018-05-25 price VEA                               198.13 USD
2018-05-25 price VHT                               211.23 USD
2018-05-25 price GLD                               120.77 USD
2018-06-01 price VBMPX                             128.90 USD
2018-06-01 price RGAGX                             120.76 USD
2018-06-01 price ITOT                              103.34 USD
2018-06-01 price VEA                               199.08 USD
2018-06-01 price VHT                               212.25 USD
2018-06-01 price GLD                               118.08 USD
2018-06-08 price VBMPX                             131.81 USD
2018-06-08 price RGAGX                             121.79 USD
2018-06-08 price ITOT                              103.69 USD
2018-06-08 price VEA                               199.28 USD
2018-06-08 price VHT                               212.26 USD
2018-06-08 price GLD                               115.80 USD
2018-06-15 price VBMPX                             130.28 USD
2018-06-15 price RGAGX                             123.06 USD
2018-06-15 price ITOT                              102.80 USD
2018-06-15 price VEA                               200.32 USD
2018-06-15 price VHT                               210.39 USD
2018-06-15 price GLD                               114.25 USD
2018-06-22 price VBMPX                             128.44 USD
2018-06-22 price RGAGX                             124.21 USD
2018-06-22 price ITOT                              102.94 USD
2018-06-22 price VEA                               200.91 USD
2018-06-22 price VHT                               210.95 USD
2018-06-22 price GLD                               111.56 USD
2018-06-29 price VBMPX                             125.73 USD
2018-06-29 price RGAGX                             124.96 USD
2018-06-29 price ITOT                              102.83 USD
2018-06-29 price VEA                               199.33 USD
2018-06-29 price VHT                               206.05 USD
2018-06-29 price GLD                               113.61 USD
2018-07-06 price VBMPX                             128.43 USD
2018-07-06 price RGAGX                             125.11 USD
2018-07-06 price ITOT                              105.10 USD
2018-07-06 price VEA                               199.38 USD
2018-07-06 price VHT                               205.71 USD
2018-07-06 price GLD                               115.25 USD
2018-07-13 price VBMPX                             127.50 USD
2018-07-13 price RGAGX                             125.17 USD
2018-07-13 price ITOT                              103.37 USD
2018-07-13 price VEA                               199.84 USD
2018-07-13 price VHT                               206.79 USD
2018-07-13 price GLD                               115.06 USD
2018-07-20 price VBMPX                             125.92 USD
2018-07-20 price RGAGX                             125.80 USD
2018-07-20 price ITOT                               98.42 USD
2018-07-20 price VEA                               199.06 USD
2018-07-20 price VHT                               209.20 USD
2018-07-20 price GLD                               118.15 USD
2018-07-27 price VBMPX                             124.94 USD
2018-07-27 price RGAGX                             125.88 USD
2018-07-27 price ITOT                               97.10 USD
2018-07-27 price VEA                               198.64 USD
2018-07-27 price VHT                               211.94 USD
2018-07-27 price GLD                               118.74 USD
2018-08-03 price VBMPX                             122.12 USD
2018-08-03 price RGAGX                             127.21 USD
2018-08-03 price ITOT                               98.33 USD
2018-08-03 price VEA                               199.32 USD
2018-08-03 price VHT                               208.96 USD
2018-08-03 price GLD                               121.41 USD
2018-08-10 price VBMPX                             115.74 USD
2018-08-10 price RGAGX                             127.25 USD
2018-08-10 price ITOT                              100.79 USD
2018-08-10 price VEA                               200.54 USD
2018-08-10 price VHT                               210.43 USD
2018-08-10 price GLD                               121.30 USD
2018-08-17 price VBMPX                             115.77 USD
2018-08-17 price RGAGX                             127.33 USD
2018-08-17 price ITOT                              103.40 USD
2018-08-17 price VEA                               204.17 USD
2018-08-17 price VHT                               209.42 USD
2018-08-17 price GLD                               120.37 USD
2018-08-24 price VBMPX                             115.94 USD
2018-08-24 price RGAGX                             128.19 USD
2018-08-24 price ITOT                              103.52 USD
2018-08-24 price VEA                               202.93 USD
2018-08-24 price VHT                               209.76 USD
2018-08-24 price GLD                               121.38 USD
2018-08-31 price VBMPX                             119.41 USD
2018-08-31 price RGAGX                             127.11 USD
2018-08-31 price ITOT                              102.47 USD
2018-08-31 price VEA                               203.52 USD
2018-08-31 price VHT                               211.18 USD
2018-08-31 price GLD                               122.13 USD
2018-09-07 price VBMPX                             119.31 USD
2018-09-07 price RGAGX                             127.60 USD
2018-09-07 price ITOT                              102.71 USD
2018-09-07 price VEA                               202.72 USD
2018-09-07 price VHT                               215.19 USD
2018-09-07 price GLD                               123.15 USD
2018-09-14 price VBMPX                             120.31 USD
2018-09-14 price RGAGX                             126.65 USD
2018-09-14 price ITOT                              103.59 USD
2018-09-14 price VEA                               199.29 USD
2018-09-14 price VHT                               214.48 USD
2018-09-14 price GLD                               122.66 USD
2018-09-21 price VBMPX                             121.26 USD
2018-09-21 price RGAGX                             127.40 USD
2018-09-21 price ITOT                              107.49 USD
2018-09-21 price VEA                               195.71 USD
2018-09-21 price VHT                               215.78 USD
2018-09-21 price GLD                               122.75 USD
2018-09-28 price VBMPX                             121.86 USD
2018-09-28 price RGAGX                             128.26 USD
2018-09-28 price ITOT                              106.53 USD
2018-09-28 price VEA                               195.23 USD
2018-09-28 price VHT                               214.29 USD
2018-09-28 price GLD                               121.36 USD
2018-10-05 price VBMPX                             124.18 USD
2018-10-05 price RGAGX                             127.37 USD
2018-10-05 price ITOT                              108.16 USD
2018-10-05 price VEA                               193.79 USD
2018-10-05 price VHT                               216.43 USD
2018-10-05 price GLD                               121.73 USD
2018-10-12 price VBMPX                             121.25 USD
2018-10-12 price RGAGX                             127.11 USD
2018-10-12 price ITOT                              107.74 USD
2018-10-12 price VEA                               197.18 USD
2018-10-12 price VHT                               219.99 USD
2018-10-12 price GLD                               124.00 USD
2018-10-19 price VBMPX                             120.55 USD
2018-10-19 price RGAGX                             125.99 USD
2018-10-19 price ITOT                              106.20 USD
2018-10-19 price VEA                               198.90 USD
2018-10-19 price VHT                               217.90 USD
2018-10-19 price GLD                               125.00 USD
2018-10-26 price VBMPX                             125.47 USD
2018-10-26 price RGAGX                             125.24 USD
2018-10-26 price ITOT                              109.04 USD
2018-10-26 price VEA                               197.94 USD
2018-10-26 price VHT                               217.61 USD
2018-10-26 price GLD                               124.67 USD
2018-11-02 price VBMPX                             125.94 USD
2018-11-02 price RGAGX                             125.43 USD
2018-11-02 price ITOT                              108.85 USD
2018-11-02 price VEA                               196.88 USD
2018-11-02 price VHT                               218.21 USD
2018-11-02 price GLD                               122.18 USD
2018-11-09 price VBMPX                             127.14 USD
2018-11-09 price RGAGX                             124.69 USD
2018-11-09 price ITOT                              110.43 USD
2018-11-09 price VEA                               196.50 USD
2018-11-09 price VHT                               218.98 USD
2018-11-09 price GLD                               124.32 USD
2018-11-16 price VBMPX                             126.64 USD
2018-11-16 price RGAGX                             125.53 USD
2018-11-16 price ITOT                              111.29 USD
2018-11-16 price VEA                               196.67 USD
2018-11-16 price VHT                               220.21 USD
2018-11-16 price GLD                               125.32 USD
2018-11-23 price VBMPX                             128.43 USD
2018-11-23 price RGAGX                             125.51 USD
2018-11-23 price ITOT                              108.21 USD
2018-11-23 price VEA                               196.61 USD
2018-11-23 price VHT                               220.29 USD
2018-11-23 price GLD                               123.20 USD
2018-11-30 price VBMPX                             133.53 USD
2018-11-30 price RGAGX                             126.22 USD
2018-11-30 price ITOT                              108.91 USD
2018-11-30 price VEA                               193.44 USD
2018-11-30 price VHT                               220.94 USD
2018-11-30 price GLD                               126.02 USD
2018-12-07 price VBMPX                             132.38 USD
2018-12-07 price RGAGX                             125.07 USD
2018-12-07 price ITOT                              108.24 USD
2018-12-07 price VEA                               194.08 USD
2018-12-07 price VHT                               222.52 USD
2018-12-07 price GLD                               127.56 USD
2018-12-14 price VBMPX                             132.56 USD
2018-12-14 price RGAGX                             125.66 USD
2018-12-14 price ITOT                              111.41 USD
2018-12-14 price VEA                               198.65 USD
2018-12-14 price VHT                               225.51 USD
2018-12-14 price GLD                               125.81 USD
2018-12-21 price VBMPX                             129.62 USD
2018-12-21 price RGAGX                             126.60 USD
2018-12-21 price ITOT                              112.57 USD
2018-12-21 price VEA                               198.30 USD
2018-12-21 price VHT                               221.94 USD
2018-12-21 price GLD                               128.26 USD
2018-12-28 price VBMPX                             129.80 USD
2018-12-28 price RGAGX                             126.09 USD
2018-12-28 price ITOT                              111.96 USD
2018-12-28 price VEA                               196.25 USD
2018-12-28 price VHT                               222.12 USD
2018-12-28 price GLD                               126.07 USD
2019-01-04 price VBMPX                             129.57 USD
2019-01-04 price RGAGX                             124.23 USD
2019-01-04 price ITOT                              108.82 USD
2019-01-04 price VEA                               196.24 USD
2019-01-04 price VHT                               226.06 USD
2019-01-04 price GLD                               124.75 USD
2019-01-11 price VBMPX                             131.21 USD
2019-01-11 price RGAGX                             123.82 USD
2019-01-11 price ITOT                              107.95 USD
2019-01-11 price VEA                               197.06 USD
2019-01-11 price VHT                               227.15 USD
2019-01-11 price GLD                               125.39 USD
2019-01-18 price VBMPX                             131.75 USD
2019-01-18 price RGAGX                             122.96 USD
2019-01-18 price ITOT                              108.85 USD
2019-01-18 price VEA                               197.29 USD
2019-01-18 price VHT                               226.41 USD
2019-01-18 price GLD                               124.09 USD
2019-01-25 price VBMPX                             133.96 USD
2019-01-25 price RGAGX                             124.74 USD
2019-01-25 price ITOT                              107.17 USD
2019-01-25 price VEA                               197.31 USD
2019-01-25 price VHT                               227.34 USD
2019-01-25 price GLD                               120.06 USD
2019-02-01 price VBMPX                             133.63 USD
2019-02-01 price RGAGX                             125.10 USD
2019-02-01 price ITOT                              106.61 USD
2019-02-01 price VEA                               196.04 USD
2019-02-01 price VHT                               226.39 USD
2019-02-01 price GLD                               120.71 USD
2019-02-08 price VBMPX                             132.43 USD
2019-02-08 price RGAGX                             125.79 USD
2019-02-08 price ITOT                              105.62 USD
2019-02-08 price VEA                               196.04 USD
2019-02-08 price VHT                               229.25 USD
2019-02-08 price GLD                               117.13 USD
2019-02-15 price VBMPX                             133.17 USD
2019-02-15 price RGAGX                             125.62 USD
2019-02-15 price ITOT                              107.31 USD
2019-02-15 price VEA                               196.01 USD
2019-02-15 price VHT                               232.87 USD
2019-02-15 price GLD                               119.36 USD
2019-02-22 price VBMPX                             136.04 USD
2019-02-22 price RGAGX                             126.10 USD
2019-02-22 price ITOT                              106.76 USD
2019-02-22 price VEA                               195.50 USD
2019-02-22 price VHT                               231.53 USD
2019-02-22 price GLD                               121.24 USD
2019-03-01 price VBMPX                             133.55 USD
2019-03-01 price RGAGX                             126.46 USD
2019-03-01 price ITOT                              104.47 USD
2019-03-01 price VEA                               196.89 USD
2019-03-01 price VHT                               232.08 USD
2019-03-01 price GLD                               124.89 USD
2019-03-08 price VBMPX                             128.65 USD
2019-03-08 price RGAGX                             126.42 USD
2019-03-08 price ITOT                              104.55 USD
2019-03-08 price VEA                               199.57 USD
2019-03-08 price VHT                               233.93 USD
2019-03-08 price GLD                               127.25 USD
2019-03-15 price VBMPX                             129.46 USD
2019-03-15 price RGAGX                             126.83 USD
2019-03-15 price ITOT                              104.40 USD
2019-03-15 price VEA                               201.16 USD
2019-03-15 price VHT                               234.09 USD
2019-03-15 price GLD                               126.53 USD
2019-03-22 price VBMPX                             125.44 USD
2019-03-22 price RGAGX                             125.88 USD
2019-03-22 price ITOT                              105.73 USD
2019-03-22 price VEA                               200.84 USD
2019-03-22 price VHT                               241.23 USD
2019-03-22 price GLD                               128.67 USD
2019-03-29 price VBMPX                             120.24 USD
2019-03-29 price RGAGX                             125.56 USD
2019-03-29 price ITOT                              107.39 USD
2019-03-29 price VEA                               200.49 USD
2019-03-29 price VHT                               238.28 USD
2019-03-29 price GLD                               130.45 USD
2019-04-05 price VBMPX                             115.96 USD
2019-04-05 price RGAGX                             125.88 USD
2019-04-05 price ITOT                              108.04 USD
2019-04-05 price VEA                               201.10 USD
2019-04-05 price VHT                               243.08 USD
2019-04-05 price GLD                               128.14 USD
2019-04-12 price VBMPX                             113.87 USD
2019-04-12 price RGAGX                             126.51 USD
2019-04-12 price ITOT                              109.02 USD
2019-04-12 price VEA                               198.20 USD
2019-04-12 price VHT                               240.70 USD
2019-04-12 price GLD                               127.93 USD
2019-04-19 price VBMPX                             115.69 USD
2019-04-19 price RGAGX                             127.31 USD
2019-04-19 price ITOT                              110.17 USD
2019-04-19 price VEA                               196.57 USD
2019-04-19 price VHT                               244.11 USD
2019-04-19 price GLD                               130.93 USD
2019-04-26 price VBMPX                             120.08 USD
2019-04-26 price RGAGX                             127.75 USD
2019-04-26 price ITOT                              110.02 USD
2019-04-26 price VEA                               196.61 USD
2019-04-26 price VHT                               247.31 USD
2019-04-26 price GLD                               134.09 USD
2019-05-03 price VBMPX                             118.74 USD
2019-05-03 price RGAGX                             127.57 USD
2019-05-03 price ITOT                              111.37 USD
2019-05-03 price VEA                               196.29 USD
2019-05-03 price VHT                               248.24 USD
2019-05-03 price GLD                               134.70 USD
2019-05-10 price VBMPX                             117.59 USD
2019-05-10 price RGAGX                             126.72 USD
2019-05-10 price ITOT                              112.30 USD
2019-05-10 price VEA                               193.51 USD
2019-05-10 price VHT                               246.17 USD
2019-05-10 price GLD                               135.85 USD
2019-05-17 price VBMPX                             123.06 USD
2019-05-17 price RGAGX                             125.69 USD
2019-05-17 price ITOT                              112.94 USD
2019-05-17 price VEA                               194.26 USD
2019-05-17 price VHT                               248.15 USD
2019-05-17 price GLD                               133.28 USD
2019-05-24 price VBMPX                             128.08 USD
2019-05-24 price RGAGX                             126.53 USD
2019-05-24 price ITOT                              112.24 USD
2019-05-24 price VEA                               192.49 USD
2019-05-24 price VHT                               249.91 USD
2019-05-24 price GLD                               133.06 USD
2019-05-31 price VBMPX                             132.96 USD
2019-05-31 price RGAGX                             126.43 USD
2019-05-31 price ITOT                              110.74 USD
2019-05-31 price VEA                               193.73 USD
2019-05-31 price VHT                               253.56 USD
2019-05-31 price GLD                               133.37 USD
2019-06-07 price VBMPX                             132.46 USD
2019-06-07 price RGAGX                             127.13 USD
2019-06-07 price ITOT                              109.71 USD
2019-06-07 price VEA                               192.81 USD
2019-06-07 price VHT                               258.25 USD
2019-06-07 price GLD                               132.64 USD
2019-06-14 price VBMPX                             129.92 USD
2019-06-14 price RGAGX                             125.53 USD
2019-06-14 price ITOT                              107.83 USD
2019-06-14 price VEA                               193.43 USD
2019-06-14 price VHT                               257.25 USD
2019-06-14 price GLD                               136.44 USD
2019-06-21 price VBMPX                             130.40 USD
2019-06-21 price RGAGX                             125.07 USD
2019-06-21 price ITOT                              105.22 USD
2019-06-21 price VEA                               194.84 USD
2019-06-21 price VHT                               254.63 USD
2019-06-21 price GLD                               138.43 USD
2019-06-28 price VBMPX                             130.60 USD
2019-06-28 price RGAGX                             124.76 USD
2019-06-28 price ITOT                              104.85 USD
2019-06-28 price VEA                               197.07 USD
2019-06-28 price VHT                               255.29 USD
2019-06-28 price GLD                               141.61 USD
2019-07-05 price VBMPX                             135.22 USD
2019-07-05 price RGAGX                             123.74 USD
2019-07-05 price ITOT                              105.90 USD
2019-07-05 price VEA                               197.30 USD
2019-07-05 price VHT                               255.02 USD
2019-07-05 price GLD                               141.14 USD
2019-07-12 price VBMPX                             132.67 USD
2019-07-12 price RGAGX                             122.49 USD
2019-07-12 price ITOT                              106.45 USD
2019-07-12 price VEA                               194.21 USD
2019-07-12 price VHT                               254.05 USD
2019-07-12 price GLD                               141.43 USD
2019-07-19 price VBMPX                             129.59 USD
2019-07-19 price RGAGX                             123.26 USD
2019-07-19 price ITOT                              103.41 USD
2019-07-19 price VEA                               196.14 USD
2019-07-19 price VHT                               255.51 USD
2019-07-19 price GLD                               143.85 USD
2019-07-26 price VBMPX                             130.26 USD
2019-07-26 price RGAGX                             122.49 USD
2019-07-26 price ITOT                              104.57 USD
2019-07-26 price VEA                               193.46 USD
2019-07-26 price VHT                               253.49 USD
2019-07-26 price GLD                               145.30 USD
2019-08-02 price VBMPX                             130.60 USD
2019-08-02 price RGAGX                             122.30 USD
2019-08-02 price ITOT                              104.51 USD
2019-08-02 price VEA                               194.85 USD
2019-08-02 price VHT                               256.29 USD
2019-08-02 price GLD                               145.80 USD
2019-08-09 price VBMPX                             126.73 USD
2019-08-09 price RGAGX                             123.79 USD
2019-08-09 price ITOT                              104.87 USD
2019-08-09 price VEA                               194.32 USD
2019-08-09 price VHT                               256.98 USD
2019-08-09 price GLD                               148.57 USD
2019-08-16 price VBMPX                             127.92 USD
2019-08-16 price RGAGX                             122.53 USD
2019-08-16 price ITOT                              106.43 USD
2019-08-16 price VEA                               193.02 USD
2019-08-16 price VHT                               260.52 USD
2019-08-16 price GLD                               152.35 USD
2019-08-23 price VBMPX                             132.56 USD
2019-08-23 price RGAGX                             123.29 USD
2019-08-23 price ITOT                              108.35 USD
2019-08-23 price VEA                               190.65 USD
2019-08-23 price VHT                               259.08 USD
2019-08-23 price GLD                               152.08 USD
2019-08-30 price VBMPX                             138.48 USD
2019-08-30 price RGAGX                             122.90 USD
2019-08-30 price ITOT                              110.00 USD
2019-08-30 price VEA                               191.01 USD
2019-08-30 price VHT                               255.49 USD
2019-08-30 price GLD                               150.21 USD
2019-09-06 price VBMPX                             139.35 USD
2019-09-06 price RGAGX                             124.61 USD
2019-09-06 price ITOT                              107.68 USD
2019-09-06 price VEA                               190.94 USD
2019-09-06 price VHT                               257.39 USD
2019-09-06 price GLD                               150.37 USD
2019-09-13 price VBMPX                             136.40 USD
2019-09-13 price RGAGX                             124.00 USD
2019-09-13 price ITOT                              107.72 USD
2019-09-13 price VEA                               191.34 USD
2019-09-13 price VHT                               258.15 USD
2019-09-13 price GLD                               149.36 USD
2019-09-20 price VBMPX                             137.56 USD
2019-09-20 price RGAGX                             124.18 USD
2019-09-20 price ITOT                              106.25 USD
2019-09-20 price VEA                               189.24 USD
2019-09-20 price VHT                               259.83 USD
2019-09-20 price GLD                               148.27 USD
2019-09-27 price VBMPX                             135.76 USD
2019-09-27 price RGAGX                             124.13 USD
2019-09-27 price ITOT                              107.35 USD
2019-09-27 price VEA                               189.62 USD
2019-09-27 price VHT                               268.85 USD
2019-09-27 price GLD                               147.46 USD
2019-10-04 price VBMPX                             135.96 USD
2019-10-04 price RGAGX                             123.80 USD
2019-10-04 price ITOT                              106.29 USD
2019-10-04 price VEA                               191.38 USD
2019-10-04 price VHT                               268.11 USD
2019-10-04 price GLD                               143.21 USD
2019-10-11 price VBMPX                             136.59 USD
2019-10-11 price RGAGX                             124.40 USD
2019-10-11 price ITOT                              107.91 USD
2019-10-11 price VEA                               187.19 USD
2019-10-11 price VHT                               275.19 USD
2019-10-11 price GLD                               141.81 USD
2019-10-18 price VBMPX                             141.35 USD
2019-10-18 price RGAGX                             124.62 USD
2019-10-18 price ITOT                              105.25 USD
2019-10-18 price VEA                               189.78 USD
2019-10-18 price VHT                               276.03 USD
2019-10-18 price GLD                               138.80 USD
2019-10-25 price VBMPX                             141.87 USD
2019-10-25 price RGAGX                             124.64 USD
2019-10-25 price ITOT                              102.87 USD
2019-10-25 price VEA                               190.88 USD
2019-10-25 price VHT                               275.33 USD
2019-10-25 price GLD                               140.68 USD
2019-11-01 price VBMPX                             140.66 USD
2019-11-01 price RGAGX                             124.87 USD
2019-11-01 price ITOT                              102.19 USD
2019-11-01 price VEA                               193.11 USD
2019-11-01 price VHT                               271.73 USD
2019-11-01 price GLD                               138.99 USD
2019-11-08 price VBMPX                             139.05 USD
2019-11-08 price RGAGX                             125.54 USD
2019-11-08 price ITOT                              104.24 USD
2019-11-08 price VEA                               194.23 USD
2019-11-08 price VHT                               268.80 USD
2019-11-08 price GLD                               139.58 USD
2019-11-15 price VBMPX                             136.96 USD
2019-11-15 price RGAGX                             126.08 USD
2019-11-15 price ITOT                              102.99 USD
2019-11-15 price VEA                               197.44 USD
2019-11-15 price VHT                               272.35 USD
2019-11-15 price GLD                               138.88 USD
2019-11-22 price VBMPX                             138.62 USD
2019-11-22 price RGAGX                             126.40 USD
2019-11-22 price ITOT                              104.83 USD
2019-11-22 price VEA                               194.85 USD
2019-11-22 price VHT                               266.83 USD
2019-11-22 price GLD                               141.38 USD
2019-11-29 price VBMPX                             140.47 USD
2019-11-29 price RGAGX                             126.27 USD
2019-11-29 price ITOT                              104.13 USD
2019-11-29 price VEA                               194.45 USD
2019-11-29 price VHT                               266.20 USD
2019-11-29 price GLD                               139.29 USD
2019-12-06 price VBMPX                             141.02 USD
2019-12-06 price RGAGX                             126.91 USD
2019-12-06 price ITOT                              102.62 USD
2019-12-06 price VEA                               193.69 USD
2019-12-06 price VHT                               266.80 USD
2019-12-06 price GLD                               141.11 USD
2019-12-13 price VBMPX                             142.48 USD
2019-12-13 price RGAGX                             126.81 USD
2019-12-13 price ITOT                              101.89 USD
2019-12-13 price VEA                               193.46 USD
2019-12-13 price VHT                               265.19 USD
2019-12-13 price GLD                               140.30 USD
2019-12-20 price VBMPX                             146.56 USD
2019-12-20 price RGAGX                             126.56 USD
2019-12-20 price ITOT                              104.26 USD
2019-12-20 price VEA                               194.58 USD
2019-12-20 price VHT                               270.69 USD
2019-12-20 price GLD                               138.38 USD
2019-12-27 price VBMPX                             150.56 USD
2019-12-27 price RGAGX                             126.18 USD
2019-12-27 price ITOT                              108.63 USD
2019-12-27 price VEA                               197.73 USD
2019-12-27 price VHT                               272.74 USD
2019-12-27 price GLD                               138.84 USD
2020-01-03 price VBMPX                             148.33 USD
2020-01-03 price RGAGX                             127.07 USD
2020-01-03 price ITOT                              110.50 USD
2020-01-03 price VEA                               197.49 USD
2020-01-03 price VHT                               273.78 USD
2020-01-03 price GLD                               139.08 USD
2020-01-10 price VBMPX                             147.95 USD
2020-01-10 price RGAGX                             127.73 USD
2020-01-10 price ITOT                              111.48 USD
2020-01-10 price VEA                               197.98 USD
2020-01-10 price VHT                               271.20 USD
2020-01-10 price GLD                               139.16 USD
2020-01-17 price VBMPX                             148.93 USD
2020-01-17 price RGAGX                             127.33 USD
2020-01-17 price ITOT                              111.39 USD
2020-01-17 price VEA                               196.21 USD
2020-01-17 price VHT                               263.89 USD
2020-01-17 price GLD                               139.03 USD
2020-01-24 price VBMPX                             148.15 USD
2020-01-24 price RGAGX                             128.96 USD
2020-01-24 price ITOT                              114.91 USD
2020-01-24 price VEA                               194.87 USD
2020-01-24 price VHT                               260.21 USD
2020-01-24 price GLD                               139.48 USD
2020-01-31 price VBMPX                             147.12 USD
2020-01-31 price RGAGX                             129.47 USD
2020-01-31 price ITOT                              111.86 USD
2020-01-31 price VEA                               196.04 USD
2020-01-31 price VHT                               260.67 USD
2020-01-31 price GLD                               140.97 USD
2020-02-07 price VBMPX                             145.97 USD
2020-02-07 price RGAGX                             130.23 USD
2020-02-07 price ITOT                              115.67 USD
2020-02-07 price VEA                               194.15 USD
2020-02-07 price VHT                               262.31 USD
2020-02-07 price GLD                               139.59 USD
2020-02-14 price VBMPX                             146.93 USD
2020-02-14 price RGAGX                             130.34 USD
2020-02-14 price ITOT                              116.95 USD
2020-02-14 price VEA                               195.09 USD
2020-02-14 price VHT                               267.91 USD
2020-02-14 price GLD                               139.88 USD
2020-02-21 price VBMPX                             148.04 USD
2020-02-21 price RGAGX                             129.86 USD
2020-02-21 price ITOT                              117.66 USD
2020-02-21 price VEA                               195.40 USD
2020-02-21 price VHT                               270.59 USD
2020-02-21 price GLD                               137.15 USD
2020-02-28 price VBMPX                             149.31 USD
2020-02-28 price RGAGX                             128.57 USD
2020-02-28 price ITOT                              115.03 USD
2020-02-28 price VEA                               196.09 USD
2020-02-28 price VHT                               271.95 USD
2020-02-28 price GLD                               140.10 USD
2020-03-06 price VBMPX                             149.01 USD
2020-03-06 price RGAGX                             128.27 USD
2020-03-06 price ITOT                              113.94 USD
2020-03-06 price VEA                               197.61 USD
2020-03-06 price VHT                               276.42 USD
2020-03-06 price GLD                               140.67 USD
2020-03-13 price VBMPX                             142.05 USD
2020-03-13 price RGAGX                             127.99 USD
2020-03-13 price ITOT                              115.38 USD
2020-03-13 price VEA                               198.01 USD
2020-03-13 price VHT                               279.75 USD
2020-03-13 price GLD                               141.32 USD
2020-03-20 price VBMPX                             142.44 USD
2020-03-20 price RGAGX                             128.35 USD
2020-03-20 price ITOT                              118.09 USD
2020-03-20 price VEA                               195.34 USD
2020-03-20 price VHT                               279.65 USD
2020-03-20 price GLD                               141.54 USD
2020-03-27 price VBMPX                             143.45 USD
2020-03-27 price RGAGX                             129.50 USD
2020-03-27 price ITOT                              116.94 USD
2020-03-27 price VEA                               194.14 USD
2020-03-27 price VHT                               289.53 USD
2020-03-27 price GLD                               143.33 USD
2020-04-03 price VBMPX                             146.18 USD
2020-04-03 price RGAGX                             129.94 USD
2020-04-03 price ITOT                              117.30 USD
2020-04-03 price VEA                               195.28 USD
2020-04-03 price VHT                               289.35 USD
2020-04-03 price GLD                               143.10 USD
2020-04-10 price VBMPX                             141.92 USD
2020-04-10 price RGAGX                             130.30 USD
2020-04-10 price ITOT                              115.47 USD
2020-04-10 price VEA                               199.54 USD
2020-04-10 price VHT                               291.90 USD
2020-04-10 price GLD                               144.63 USD
2020-04-17 price VBMPX                             144.90 USD
2020-04-17 price RGAGX                             130.44 USD
2020-04-17 price ITOT                              115.98 USD
2020-04-17 price VEA                               199.76 USD
2020-04-17 price VHT                               298.16 USD
2020-04-17 price GLD                               143.89 USD
2020-04-24 price VBMPX                             147.53 USD
2020-04-24 price RGAGX                             129.74 USD
2020-04-24 price ITOT                              118.84 USD
2020-04-24 price VEA                               199.80 USD
2020-04-24 price VHT                               298.89 USD
2020-04-24 price GLD                               144.79 USD
2020-05-01 price VBMPX                             150.06 USD
2020-05-01 price RGAGX                             129.93 USD
2020-05-01 price ITOT                              119.90 USD
2020-05-01 price VEA                               199.36 USD
2020-05-01 price VHT                               306.36 USD
2020-05-01 price GLD                               143.85 USD
2020-05-08 price VBMPX                             154.86 USD
2020-05-08 price RGAGX                             129.82 USD
2020-05-08 price ITOT                              118.12 USD
2020-05-08 price VEA                               199.49 USD
2020-05-08 price VHT                               304.38 USD
2020-05-08 price GLD                               141.67 USD
2020-05-15 price VBMPX                             152.36 USD
2020-05-15 price RGAGX                             128.95 USD
2020-05-15 price ITOT                              117.07 USD
2020-05-15 price VEA                               199.42 USD
2020-05-15 price VHT                               302.47 USD
2020-05-15 price GLD                               141.23 USD
2020-05-22 price VBMPX                             152.72 USD
2020-05-22 price RGAGX                             128.77 USD
2020-05-22 price ITOT                              119.72 USD
2020-05-22 price VEA                               198.64 USD
2020-05-22 price VHT                               301.64 USD
2020-05-22 price GLD                               138.01 USD
2020-05-29 price VBMPX                             150.83 USD
2020-05-29 price RGAGX                             130.03 USD
2020-05-29 price ITOT                              117.45 USD
2020-05-29 price VEA                               196.41 USD
2020-05-29 price VHT                               298.40 USD
2020-05-29 price GLD                               135.97 USD
2020-06-05 price VBMPX                             149.02 USD
2020-06-05 price RGAGX                             129.45 USD
2020-06-05 price ITOT                              112.69 USD
2020-06-05 price VEA                               196.50 USD
2020-06-05 price VHT                               299.25 USD
2020-06-05 price GLD                               136.28 USD
2020-06-12 price VBMPX                             149.77 USD
2020-06-12 price RGAGX                             129.97 USD
2020-06-12 price ITOT                              115.98 USD
2020-06-12 price VEA                               197.56 USD
2020-06-12 price VHT                               294.13 USD
2020-06-12 price GLD                               135.09 USD
2020-06-19 price VBMPX                             149.71 USD
2020-06-19 price RGAGX                             130.89 USD
2020-06-19 price ITOT                              117.24 USD
2020-06-19 price VEA                               197.28 USD
2020-06-19 price VHT                               300.30 USD
2020-06-19 price GLD                               136.34 USD
2020-06-26 price VBMPX                             146.48 USD
2020-06-26 price RGAGX                             130.08 USD
2020-06-26 price ITOT                              117.81 USD
2020-06-26 price VEA                               193.63 USD
2020-06-26 price VHT                               304.09 USD
2020-06-26 price GLD                               135.00 USD
2020-07-03 price VBMPX                             145.82 USD
2020-07-03 price RGAGX                             129.87 USD
2020-07-03 price ITOT                              116.64 USD
2020-07-03 price VEA                               193.20 USD
2020-07-03 price VHT                               300.42 USD
2020-07-03 price GLD                               130.96 USD
2020-07-10 price VBMPX                             148.03 USD
2020-07-10 price RGAGX                             131.10 USD
2020-07-10 price ITOT                              113.69 USD
2020-07-10 price VEA                               194.49 USD
2020-07-10 price VHT                               297.66 USD
2020-07-10 price GLD                               132.83 USD
2020-07-17 price VBMPX                             150.07 USD
2020-07-17 price RGAGX                             131.20 USD
2020-07-17 price ITOT                              113.06 USD
2020-07-17 price VEA                               194.67 USD
2020-07-17 price VHT                               299.81 USD
2020-07-17 price GLD                               133.31 USD
2020-07-24 price VBMPX                             148.83 USD
2020-07-24 price RGAGX                             131.12 USD
2020-07-24 price ITOT                              113.90 USD
2020-07-24 price VEA                               194.09 USD
2020-07-24 price VHT                               295.57 USD
2020-07-24 price GLD                               133.26 USD
2020-07-31 price VBMPX                             150.04 USD
2020-07-31 price RGAGX                             130.18 USD
2020-07-31 price ITOT                              115.60 USD
2020-07-31 price VEA                               194.54 USD
2020-07-31 price VHT                               297.28 USD
2020-07-31 price GLD                               134.19 USD
2020-08-07 price VBMPX                             155.29 USD
2020-08-07 price RGAGX                             130.91 USD
2020-08-07 price ITOT                              114.78 USD
2020-08-07 price VEA                               195.35 USD
2020-08-07 price VHT                               293.73 USD
2020-08-07 price GLD                               133.54 USD
2020-08-14 price VBMPX                             156.48 USD
2020-08-14 price RGAGX                             131.03 USD
2020-08-14 price ITOT                              115.63 USD
2020-08-14 price VEA                               194.89 USD
2020-08-14 price VHT                               292.19 USD
2020-08-14 price GLD                               136.49 USD
2020-08-21 price VBMPX                             155.35 USD
2020-08-21 price RGAGX                             130.83 USD
2020-08-21 price ITOT                              115.99 USD
2020-08-21 price VEA                               192.35 USD
2020-08-21 price VHT                               290.17 USD
2020-08-21 price GLD                               139.89 USD
2020-08-28 price VBMPX                             154.13 USD
2020-08-28 price RGAGX                             131.87 USD
2020-08-28 price ITOT                              116.51 USD
2020-08-28 price VEA                               194.75 USD
2020-08-28 price VHT                               291.67 USD
2020-08-28 price GLD                               137.14 USD
2020-09-04 price VBMPX                             156.38 USD
2020-09-04 price RGAGX                             132.45 USD
2020-09-04 price ITOT                              117.94 USD
2020-09-04 price VEA                               195.80 USD
2020-09-04 price VHT                               283.18 USD
2020-09-04 price GLD                               138.81 USD
2020-09-11 price VBMPX                             155.15 USD
2020-09-11 price RGAGX                             132.19 USD
2020-09-11 price ITOT                              116.54 USD
2020-09-11 price VEA                               196.71 USD
2020-09-11 price VHT                               284.38 USD
2020-09-11 price GLD                               138.08 USD
2020-09-18 price VBMPX                             155.79 USD
2020-09-18 price RGAGX                             132.15 USD
2020-09-18 price ITOT                              120.01 USD
2020-09-18 price VEA                               196.40 USD
2020-09-18 price VHT                               282.78 USD
2020-09-18 price GLD                               138.94 USD
2020-09-25 price VBMPX                             156.34 USD
2020-09-25 price RGAGX                             131.78 USD
2020-09-25 price ITOT                              119.53 USD
2020-09-25 price VEA                               196.22 USD
2020-09-25 price VHT                               286.74 USD
2020-09-25 price GLD                               140.97 USD
2020-10-02 price VBMPX                             158.61 USD
2020-10-02 price RGAGX                             131.14 USD
2020-10-02 price ITOT                              121.92 USD
2020-10-02 price VEA                               194.95 USD
2020-10-02 price VHT                               284.93 USD
2020-10-02 price GLD                               141.11 USD
2020-10-09 price VBMPX                             158.81 USD
2020-10-09 price RGAGX                             131.48 USD
2020-10-09 price ITOT                              120.46 USD
2020-10-09 price VEA                               196.43 USD
2020-10-09 price VHT                               285.95 USD
2020-10-09 price GLD                               138.38 USD
2020-10-16 price VBMPX                             159.22 USD
2020-10-16 price RGAGX                             131.46 USD
2020-10-16 price ITOT                              119.65 USD
2020-10-16 price VEA                               198.06 USD
2020-10-16 price VHT                               289.07 USD
2020-10-16 price GLD                               143.48 USD
2020-10-23 price VBMPX                             160.08 USD
2020-10-23 price RGAGX                             132.91 USD
2020-10-23 price ITOT                              122.59 USD
2020-10-23 price VEA                               196.37 USD
2020-10-23 price VHT                               286.93 USD
2020-10-23 price GLD                               144.63 USD
2020-10-30 price VBMPX                             158.86 USD
2020-10-30 price RGAGX                             132.30 USD
2020-10-30 price ITOT                              126.72 USD
2020-10-30 price VEA                               195.61 USD
2020-10-30 price VHT                               288.24 USD
2020-10-30 price GLD                               142.22 USD
2020-11-06 price VBMPX                             158.92 USD
2020-11-06 price RGAGX                             130.60 USD
2020-11-06 price ITOT                              126.34 USD
2020-11-06 price VEA                               196.92 USD
2020-11-06 price VHT                               288.28 USD
2020-11-06 price GLD                               144.19 USD
2020-11-13 price VBMPX                             163.92 USD
2020-11-13 price RGAGX                             131.37 USD
2020-11-13 price ITOT                              125.68 USD
2020-11-13 price VEA                               196.81 USD
2020-11-13 price VHT                               293.47 USD
2020-11-13 price GLD                               144.13 USD
2020-11-20 price VBMPX                             163.50 USD
2020-11-20 price RGAGX                             132.78 USD
2020-11-20 price ITOT                              126.99 USD
2020-11-20 price VEA                               198.04 USD
2020-11-20 price VHT                               290.17 USD
2020-11-20 price GLD                               141.88 USD
2020-11-27 price VBMPX                             158.44 USD
2020-11-27 price RGAGX                             134.45 USD
2020-11-27 price ITOT                              125.35 USD
2020-11-27 price VEA                               199.40 USD
2020-11-27 price VHT                               287.65 USD
2020-11-27 price GLD                               139.80 USD
2020-12-04 price VBMPX                             162.80 USD
2020-12-04 price RGAGX                             136.07 USD
2020-12-04 price ITOT                              125.18 USD
2020-12-04 price VEA                               199.34 USD
2020-12-04 price VHT                               290.14 USD
2020-12-04 price GLD                               143.18 USD
2020-12-11 price VBMPX                             165.27 USD
2020-12-11 price RGAGX                             135.53 USD
2020-12-11 price ITOT                              122.35 USD
2020-12-11 price VEA                               199.06 USD
2020-12-11 price VHT                               282.08 USD
2020-12-11 price GLD                               144.74 USD
2020-12-18 price VBMPX                             166.13 USD
2020-12-18 price RGAGX                             135.98 USD
2020-12-18 price ITOT                              123.40 USD
2020-12-18 price VEA                               199.77 USD
2020-12-18 price VHT                               284.35 USD
2020-12-18 price GLD                               144.58 USD
2020-12-25 price VBMPX                             172.38 USD
2020-12-25 price RGAGX                             137.08 USD
2020-12-25 price ITOT                              124.00 USD
2020-12-25 price VEA                               199.84 USD
2020-12-25 price VHT                               288.98 USD
2020-12-25 price GLD                               145.21 USD



* Cash

